2990 4594
750 231 789 296 to

669 315 873 326 -n-——n——n

158 431 312 513 quicum
338 449 404 494 non
425 429 576 510 Athenio,
604 429 660 494 sed
688 429 751 494 alio
780 430 850 494 loco
873 433 983 493 notum
1007 449 1075 495 esse
1097 429 1211 494 dicant.
1256 429 1328 506 Quo
1353 433 1391 494 in

154 569 287 614 numero
309 548 460 632 princeps
484 547 601 614 Strabo
623 548 769 629 habetur,
793 547 849 630 qui
871 549 915 612 sic
937 546 1049 612 refert:
1064 547 1093 632 1)
1140 545 1205 634 Τὴν
1236 545 1298 630 μὲν
1328 537 1390 613 οὖν

159 661 291 754 πρώτην
328 660 524 752 κατόκτησιν
563 660 667 732 αὐτῶν
704 668 792 752 Ῐφησι
826 668 986 749 Τυρταῖος
1027 663 1061 731 έν
1106 669 1178 743 τοῖς
1216 660 1389 751 ποιήμασι

157 783 240 852 κατὰ
275 783 352 862 τούς
384 788 449 849 τῶν
486 780 637 869 πατέρων
672 781 819 870 πατέρας
856 780 1028 868 γενέσθαι·
1069 781 1127 870 τὴν
1156 781 1194 848 δέ
1221 783 1388 872 δευτέραν,

159 899 237 970 καθ’
275 895 314 989 ἣν
346 897 497 986 ἑλόμενοι
530 895 717 986 συμμάχους
741 898 888 978 Ἠλείους
915 899 971 966 καὶ
996 896 1163 988 Ἀργείους
1189 901 1246 968 καὶ
1272 901 1389 970 Πισαί-

158 1047 218 1100 τας
262 1017 470 1108 ἀπέστησαν·
508 1016 602 1108 ἡνίκα
632 1019 732 1108 φησὶν
764 1016 861 1097 αὐτὸς
893 1023 1112 1108 στρατηγῆσαι
1144 1019 1202 1087 τὸν
1236 1015 1389 1106 πόλεμον

157 1145 230 1219 τοῖς
250 1136 545 1223 Λακεδαιμονίοις·
566 1137 622 1205 καὶ
642 1137 702 1225 γὰρ
725 1130 809 1204 εἷναί
834 1160 934 1226 φησιν
962 1137 1091 1204 ἐκεῖθεν
1121 1137 1155 1204 ἐν
1182 1143 1222 1226 τῇ
1250 1135 1390 1227 ποιήσει

160 1257 293 1348 ἐλεγείᾳ,
317 1251 355 1346 ἡν
378 1252 618 1344 ἐπιγράφουσιν
640 1253 812 1341 Εὐνομίαν·

335 1372 432 1453 αὐτὸς
453 1373 513 1463 γὰρ
535 1372 683 1463 Κρονίων
704 1369 962 1462 καλλιστεφόνου
985 1370 1087 1454 πόσις
1099 1371 1204 1464 Ἥρης

383 1493 465 1572 Ζεδς
482 1490 708 1582 Ἡρακλείδαις
727 1491 822 1582 τήνδε
843 1493 963 1560 δέδωκε
984 1489 1084 1560 πόλιν

331 1615 417 1681 οἷσιν
439 1609 508 1696 ἅμα
528 1607 752 1701 προλιπόντες
771 1610 910 1700 Ἐρινεὸν
932 1608 1108 1700 ἠνεμόεντα

384 1730 509 1819 εὐρεῖαν
524 1731 683 1810 Πέλοπος
704 1735 800 1818 νῆσον
823 1727 1025 1818 α’φικόμεθα.

160 1847 244 1920 ὥστε
264 1845 285 1940 ἡ
304 1856 407 1918 ταῦτα
419 1846 593 1936 -ἅκυρωτέα
615 1851 734 1934 (editur
754 1844 927 1937 ἡκόρωται)
954 1848 996 1915 τὰ
1017 1847 1149 1936 ἐλεγεῖα,
1172 1844 1193 1938 ἡ
1216 1847 1388 1939 Φιλοχόρφ
1466 1937 1467 1942 ¹

161 1943 361 2059 οἷπιστητέον
376 1969 432 2036 καί
445 1967 670 2041 Καλλισθένει
691 1966 746 2033 καὶ
767 1963 880 2046 ἄλλοις
901 1965 1052 2034 πλείοσιν
1067 1953 1218 2034 εἰποῦσιν
1233 1969 1270 2050 ἐξ
1278 1967 1385 2058 Ἀθη-

160 2095 223 2158 νῶν
250 2088 305 2156 καί
334 2092 467 2176 (emend.
490 2083 523 2177 ἢ)
546 2086 711 2176 Ἀφιδνῶν
740 2083 934 2175 ἀφικέσθαι,
964 2085 1149 2175 δεηθέντων
1170 2091 1385 2175 Λακεδαιμο-
1466 2107 1467 2112 ’

162 2208 238 2278 νίων
259 2206 343 2276 κατὰ
366 2208 520 2298 χρησμὸν,
550 2199 587 2286 ὃς
615 2206 776 2274 ἐπέταττε
798 2205 876 2295 παρ’
892 2204 1079 2296 Ἀθηναίων
1101 2209 1213 2292 λαβεῖν
1235 2204 1386 2294 ἡγεμόνα.

160 2309 238 2396 Ἐπὶ
257 2328 317 2415 μέν
338 2319 394 2393 οὗν
415 2331 473 2393 τοῦ
498 2323 657 2412 Τυρταίου
680 2324 697 2391 ὁ
719 2322 867 2414 δεύτερος
887 2322 1011 2414 ὑπῆρξε
1033 2322 1188 2411 πόλεμος,
1210 2325 1321 2414 τρίτον
1350 2326 1387 2393 δὲ

163 2446 218 2513 καὶ
257 2446 412 2536 τέταρτον
435 2441 590 2530 συστῆναί
616 2466 732 2531 φασιν,
764 2442 798 2530 ἐν
826 2433 853 2530 ᾧ
877 2441 1102 2532 κατελύθησαν
1131 2443 1164 2512 οἱ
1191 2442 1386 2534 Μεσσήνιοι.

164 2566 233 2645 Quo
268 2587 307 2630 ex
338 2564 408 2630 loco
443 2564 477 2628 id
515 2562 654 2647 primum
694 2565 854 2648 sequitur,
896 2570 934 2630 ut
965 2570 1086 2632 veteres
1118 2567 1183 2631 iam
1216 2568 1388 2651 scriptores

163 2685 202 2751 de
224 2683 355 2768 Tyrtaei
382 2681 491 2766 patria
518 2681 735 2748 dissenserint.
780 2683 891 2769 Neque
916 2705 991 2749 vcro
1023 2689 1131 2748 utrum
1151 2685 1205 2750 ille
1226 2689 1318 2748 natus
1341 2683 1382 2746 sit

163 2802 312 2884 Athenis,
335 2800 459 2884 quade
481 2820 516 2864 re
538 2821 637 2883 supra
659 2799 813 2884 diximuS,
844 2824 887 2868 an
908 2801 1083 2886 Aphidnis,
1113 2802 1147 2868 id
1169 2802 1254 2887 quod
1273 2803 1383 2886 postea
1463 2869 1467 2874 ,

105 2979 114 2999 ,
163 2919 388 3002 tractabimus,
419 2937 504 2984 nunc
532 2918 673 3002 a[nobis
702 2919 943 3002 disceptabitur.
987 2922 1097 2987 Potius
1125 2921 1289 2987 videamus
1310 2918 1385 3004 quid

166 3039 319 3106 Straboni
338 3038 400 3104 hac
421 3037 461 3103 de
482 3058 517 3102 re
538 3057 729 3120 persuasum
751 3037 857 3108 fuerit.

250 3157 347 3223 Cuius
370 3157 398 3220 si
418 3155 517 3222 verba
538 3157 718 3222 accuratius
739 3157 958 3241 perspicimus
981 3180 1040 3225 nos
1063 3158 1171 3242 fugere
1193 3177 1258 3222 non
1279 3160 1386 3240 potest

166 3276 339 3362 Tyrtaeum
361 3273 403 3340 ab
424 3294 461 3340 eo
483 3274 629 3341 habitum
644 3295 713 3340 esse
726 3275 1020 3341 Lacedaemonium.
1056 3277 1138 3341 Eam
1159 3277 1224 3340 iam
1246 3279 1386 3340 veterum

167 3394 360 3477 scriptorum
388 3393 570 3474 opinionem
597 3393 695 3458 fuisse
719 3392 833 3458 Suidas
860 3394 920 3459 hoo
946 3395 1016 3459 loco
1038 3399 1190 3459 testatur:
1218 3397 1383 3480 Τυρταῖος,

161 3502 412 3599 Ἀρχιμβρότου,
440 3503 563 3574 Λοίκαιν
585 3502 605 3596 ἡ
627 3503 809 3596 Μιλήσιος,
838 3508 1061 3596 ἐλεγειοποιὸς
1086 3510 1141 3586 καί
1171 3506 1321 3598 αδληιὴς·
1349 3500 1383 3574 ὃν
1435 3537 1438 3542 ’

167 3650 371 3663 —..-.-.-—-

254 3732 280 3802 1)
298 3729 394 3786 Strabo
411 3729 484 3796 VIII,
508 3731 533 3797 4,
554 3732 594 3783 10.
631 3728 690 3783 vid.
709 3729 780 3797 quod
797 3729 979 3786 Bernhardius
1002 3731 1053 3786 hoc
1071 3730 1103 3786 de
1130 3731 1190 3786 loco
1211 3730 1311 3786 iudicat
1327 3729 1344 3785 l.
1362 3747 1384 3785 c.

167 3835 229 3889 pag.
247 3820 311 3872 433:
336 3815 427 3883 ,Δία
445 3815 487 3866 δίε
504 3814 593 3866 Krioa
610 3813 656 3866 der
674 3813 743 3881 sape
760 3816 819 3883 liept
837 3815 865 3866 εἰι
883 3816 977 3868 Strabo
1002 3817 1084 3871 VIII.
1106 3833 1168 3885 paq.
1193 3819 1252 3869 362.
1289 3816 1385 3868 Eiacul-

168 3905 251 3958 λεαίνειν
268 3903 351 3955 δίεισι·
369 3900 454 3966 Stella,
472 3900 514 3951 δίε
531 3915 581 3951 ατε
601 3899 642 3951 cia
661 3900 763 3953 Gewebc
781 3902 847 3952 locor
865 3901 975 3952 Νεείκαι
990 3902 1032 3964 λεν,
1050 3902 1095 3952 hot
1117 3901 1241 3952 Τλίενειλ
1253 3919 1319 3968 paq.
1336 3903 1382 3950 691

166 3989 218 4044 viel
231 4005 264 4040 νει
279 3984 568 4053 okepuocnoemteila
586 3980 668 4051 ἡνίκα
686 3988 772 4054 φησίν
787 4013 822 4024 —-
838 3985 1076 4057 Λακεδαιμονίοις
1087 3985 1195 4052 sordere
1211 3986 1302 4037 Ῑιεὶααι
1310 3983 1384 4050 Βιίεη

167 4074 214 4126 mit
229 4073 333 4124 Worten
351 4071 396 4122 διε
413 4069 548 4138 Ἰγνεαειιε,
565 4069 622 4122 und
639 4071 685 4123 ιείε
702 4071 851 4137 ίιῖελεκλογλ
869 4069 936 4122 ασελ
953 4073 1000 4122 καὶ
1017 4067 1072 4140 γὰρ
1096 4071 1248 4126 -έκεῖθεν
1267 4069 1385 4136 autricus,

168 4174 197 4210 ιο
220 4155 318 4223 apr-iem
340 4170 366 4206 ιε
388 4153 455 4205 doch
479 4154 543 4206 ολοε
560 4154 722 4208 Zacca-dor
740 4151 877 4210 ἀνέκαθεν
898 4155 934 4205 im
956 4153 1038 4206 Sicca
1061 4153 1177 4206 Stobo’c
1198 4153 1311 4206 deutlich
1332 4171 1385 4224 oue,

169 4240 233 4294 daos
250 4238 296 4292 dor
313 4238 420 4291 Dichter
437 4257 487 4292 οοκ
505 4239 741 4294 Leodamantem
759 4239 923 4293 wstcmowf‘
943 4301 945 4306 ,
