2990 4594
782 219 823 284 m

275 417 379 497 Quam
405 418 533 502 quidem
559 419 646 484 riam
667 417 903 502 interpretandi
924 420 985 484 etsi
999 419 1204 486 Thierschius
1224 421 1429 506 repudiavit,

190 544 298 604 temen
320 538 418 604 alium
440 538 475 603 in
497 555 639 604 errorum
659 537 795 622 illapsus
816 541 876 604 cst.
911 537 996 604 Nem
1017 558 1089 604 aum
1111 539 1289 604 Pausaniae
1309 539 1428 606 verbis

192 661 306 741 poetae
326 657 428 741 ipsius
449 677 560 723 versus
582 655 822 748 accommodare
836 675 901 722 uon
916 657 1028 740 possit,
1050 673 1168 741 negare
1181 657 1304 723 mauult
1317 657 1428 724 fuisse

192 774 367 860 Tyrtaeum
390 797 488 860 quam
510 776 539 842 ei
560 775 711 844 Doricam
732 776 874 859 patriam
895 775 1074 843 concedere.
1086 778 1116 861 ⁴)
1157 781 1234 853 „aa
1253 799 1290 840 m
1307 782 1427 858 proba·

190 898 259 958 ditia
287 907 397 960 mntem
417 919 571 979 summor
592 908 675 977 mque
697 900 750 960 aas
767 898 944 972 fabularum
965 898 1083 958 nebulae
1104 903 1189 960 clara
1208 900 1335 960 venata
1357 904 1427 960 lucc

190 1019 391 1095 diepcllamm,
413 1018 566 1096 concpe'cuo
587 1017 734 1096 ipsorum,
758 1019 793 1078 dc
815 1017 915 1095 quibus
935 1017 1046 1096 opimae
1051 1061 1061 1092 ,
1090 1019 1251 1078 carminum
1271 1021 1333 1078 loco
1356 1021 1426 1096 cffi-

192 1137 278 1197 citur.
329 1139 408 1197 Nam
435 1137 464 1196 in
494 1145 574 1202 tauta
596 1137 804 1198 uberrimarum
831 1140 973 1216 alaparum
994 1137 1108 1196 iactura
1127 1137 1213 1196 cortic
1233 1138 1357 1198 alicuius
1376 1139 1426 1196 leis

190 1253 280 1316 litera
299 1253 445 1334 propitiae
467 1251 600 1334 beneficio
621 1250 733 1329 accidit,
756 1264 787 1316 ut
807 1255 881 1315 inter
897 1252 1090 1332 pauciesiroae
1111 1257 1248 1334 reliquias
1260 1258 1422 1334 srapmen·

188 1383 246 1434 tum
270 1373 385 1454 tyrtaei
412 1384 586 1448 seruaretur,
616 1372 694 1452 quod
714 1375 841 1447 doceret,
870 1393 890 1432 a
908 1373 1062 1454 pereprioa
1084 1374 1181 1453 aliquo
1204 1384 1308 1453 pocta,
1338 1377 1418 1454 quis-

189 1493 252 1572 quis
274 1493 440 1568 vilefecerit,
464 1494 596 1556 carmina
618 1491 688 1553 daec
704 1488 860 1570 Spartana
881 1510 938 1552 nou
952 1491 1049 1565 fuisse
1071 1493 1225 1570 composita
1246 1503 1272 1554 ct
1292 1513 1329 1554 ue
1344 1515 1418 1554 com-

184 1613 260 1689 poni
286 1614 399 1690 quidem
421 1613 564 1692 potuisse,
586 1615 638 1672 sed
658 1613 794 1692 ompa‘aem
816 1609 920 1671 tradere
940 1629 1007 1670 uere
1028 1612 1158 1672 doricam
1179 1623 1205 1673 et
1226 1613 1417 1690 spartanam.

189 1733 265 1792 Sunt
291 1741 383 1791 auam
405 1751 504 1792 aaran
527 1735 562 1792 de
584 1731 684 1810 quidus
710 1727 853 1808 loquimur
879 1739 1012 1809 pcattuor
1039 1731 1096 1803 illi,
1127 1749 1197 1809 quoe
1224 1751 1245 1792 a
1274 1732 1417 1794 mahom

188 1851 224 1910 e.
243 1851 326 1924 um,
344 1871 417 1930 pap.
439 1855 495 1910 556
520 1849 553 1911 e.
575 1849 682 1924 affert
701 1869 794 1926 apra
813 1843 1002 1930 masmana)
1029 1831 1073 1910 Et
1088 1829 1202 1930 postea
1217 1846 1304 1931 (pag.
1320 1850 1414 1934 com:

105 2035 107 2038 ,
187 1971 271 2042 „Jnm
284 1989 352 2028 acro
369 1979 457 2048 potet,
480 1970 550 2030 daca
571 1970 646 2030 iuter
662 1969 826 2048 Spartanos
847 1970 905 2030 dici
923 1989 982 2028 oon
999 1987 1086 2046 poem
1107 1989 1127 2028 a
1143 1979 1232 2048 pocta
1248 1973 1413 2051 perepn'uo,

187 2089 246 2148 sive
267 2087 375 2148 Adicere
401 2089 460 2150 cicc
481 2087 614 2152 Milesiae
642 2090 690 2150 illc
710 2091 822 2166 suerit,
853 2088 904 2150 scd
930 2073 990 2149 dici
1013 2097 1122 2148 tomum
1143 2089 1271 2166 potense
1291 2110 1311 2148 a
1327 2100 1416 2166 pacta

187 2209 330 2289 iudipeoa,
354 2207 434 2269 cuius
452 2230 543 2289 penus
563 2209 600 2270 ab
615 2205 876 2270 pruneriensem
889 2201 1114 2268 Heraclidamm
1126 2208 1210 2268 sociis
1224 2208 1414 2271 derivaretur.

188 2320 270 2389 Haec
291 2329 317 2386 si
337 2347 409 2388 ocra
428 2338 503 2401 eunt,
526 2329 617 2390 omme
638 2329 690 2388 illa
712 2329 747 2386 de
763 2329 883 2406 tymaeo
904 2325 1038 2386 narrato
1059 2327 1135 2386 cadit
1156 2335 1182 2385 ct
1195 2328 1327 2390 cumoiua
1341 2348 1414 2407 quae

192 2443 313 2523 iprtaeo
342 2443 506 2506 tribuuntur
541 2465 599 2508 non
621 2446 748 2523 Spartae
774 2449 865 2508 sotum
891 2446 942 2504 sed
963 2445 1047 2504 etiam
1068 2446 1283 2522 Spartanorum
1303 2447 1414 2526 drepanio

189 2574 259 2624 nata
281 2583 341 2622 esse
362 2535 483 2624 edicam
504 2567 569 2624 cett
598 2553 687 2638 Quae
708 2559 772 2626 alia
793 2559 887 2626 affert
910 2543 1113 2625 Thiorschius
1135 2567 1324 2647 argumenta
1344 2563 1413 2644 qui·

189 2678 250 2744 bus
281 2699 373 2744 suam
399 2696 468 2744 rem
494 2678 673 2763 confirmet,
703 2680 850 2746 omittere
871 2679 979 2761 liceat,
1007 2689 1081 2745 cum
1101 2679 1273 2746 omninoa
1291 2678 1407 2742 Bachio

189 2797 255 2862 iam
281 2797 422 2864 refertote
447 2799 523 2864 siut.
571 2799 800 2868 Examinemus
840 2799 944 2866 solam
977 2809 1047 2864 eam
1078 2799 1311 2884 conclusionem
1343 2815 1408 2878 qua

189 2918 361 3002 praecipue
377 2907 497 2984 'nititur
519 2917 731 2984 Thierschius.
774 2918 835 2984 Est
855 2917 983 2983 haecce:

234 3036 314 3102 Cum
344 3037 451 3103 nulius
479 3037 561 3104 alius
583 3042 681 3122 poeta
700 3037 761 3102 nisi
786 3036 966 3120 Spartanus
987 3035 1044 3100 illa
1064 3034 1163 3102 verba
1189 3035 1327 3105 scribere
1357 3050 1412 3119 po·

231 3157 345 3239 tuerit,
378 3157 556 3224 Pausanias
584 3162 692 3222 autem
719 3139 947 3220 Atheniensem
987 3153 1086 3220 fuisse
1114 3154 1287 3238 Tyrtaeum
1312 3154 1411 3218 tradi·

232 3273 329 3338 derit:
352 3267 485 3356 prorsus
508 3297 574 3343 nou
595 3275 657 3342 tut
672 3274 846 3359 ,Tyrtaeus

188 3392 317 3458 Rectius
340 3393 385 3457 sic
406 3393 643 3458 conclusisset2'

235 3511 316 3576 Cum
338 3510 446 3577 nullus
468 3513 550 3576 alius
572 3517 669 3595 poeta
690 3511 752 3576 nisi
775 3511 956 3596 Spartanus
985 3510 1041 3576 illa
1066 3513 1165 3578 verba
1191 3511 1330 3576 scribere
1354 3528 1406 3594 po-

182 3619 198 3648 ''
232 3633 340 3715 tuerit,
363 3631 494 3717 Tyrtaei
513 3631 623 3716 patria
644 3630 753 3698 Attica
774 3651 839 3696 non
861 3623 931 3716 fuit,
955 3631 1011 3698 sed
1031 3631 1256 3698 Lacedaemon.

274 3767 388 3833 Restat
409 3771 445 3832 ut
460 3763 571 3830 Bachii
593 3766 785 3830 sententiam
799 3766 1039 3850 perlustramus.
1069 3766 1176 3830 Etiam
1189 3761 1241 3829 hic
1255 3759 1407 3843 elaborat,

63 3892 66 3900 '
189 3893 226 3952 ut
240 3886 313 3953 illos
325 3907 436 3952 veram
451 3905 531 3968 quos
547 3883 635 3970 (pag.
650 3892 688 3954 15
703 3891 736 3952 et
753 3888 805 3972 16)
818 3885 1133 3952 commemoravimus
1145 3904 1222 3950 suae
1232 3883 1271 3950 de
1283 3882 1407 3966 Tyrtaei

276 4126 301 4191 1)
320 4123 394 4190 Quae
412 4128 560 4192 sequuntur
578 4127 642 4178 sunt
659 4123 812 4178 Thierschii
829 4122 847 4176 l.
865 4138 887 4177 c.
906 4137 966 4190 pag.
985 4122 1044 4176 595.

275 4210 302 4275 2)
320 4208 410 4264 Verba
427 4208 568 4265 Strabonis
584 4223 602 4264 a
618 4209 696 4266 nobis
714 4208 797 4264 allata
813 4207 841 4262 h.
858 4206 920 4263 diss.
938 4221 999 4276 pag.
1019 4205 1059 4260 14.
