2990 4594
656 221 859 312 *aa*

4 427 5 436 ’
90 437 98 456 ·
147 413 258 480 literas
279 415 328 480 vel
351 416 444 481 sciret
465 417 515 482 vel
536 417 681 482 disceret.
694 417 722 502 ¹)
766 417 849 495 Quid
871 438 945 482 vero
968 415 1007 480 de
1028 418 1207 482 Pausaniae
1229 416 1291 482 fide
1322 372 1374 481 ab·

149 552 211 616 que
233 533 424 601 auctoritate
446 539 712 602 commemorem?
745 535 830 602 Bene
852 535 975 600 Hecker
996 535 1161 601 iudicavit:
1186 539 1294 620 „idem
1322 557 1372 602 eo·

149 653 218 718 dem
251 655 320 720 ιἰινο
346 656 368 722 i.
399 677 424 722 e.
455 657 541 722 nullo
565 657 602 721 dc
623 657 699 720 aliis
721 677 839 738 qaoque
861 656 1021 721 acrrara'.“
1066 653 1160 718 Velut
1182 655 1374 739 pervulgata

148 776 197 836 est
219 773 461 856 narratiuncula
481 773 538 838 illa
560 773 598 838 de
613 773 776 857 Dionysio,
795 773 1026 857 Syracusarum
1041 778 1191 856 tyranno,
1214 775 1270 858 qui
1284 773 1372 839 haud
1422 819 1428 834 .

147 887 241 955 dubie
255 890 295 956 ab
311 890 446 956 inimicis
461 891 674 977 ludimagistri
688 897 808 976 partes,
822 912 920 975 quum
938 895 1022 955 esset
1038 893 1199 976 expulsus,
1221 892 1372 957 habuisse

147 1007 273 1074 dieitur.
299 1009 420 1076 Eodem
442 1011 536 1076 modo
550 1011 699 1106 Phemius
722 1012 777 1094 qui
791 999 923 1075 Homeri
944 1016 1079 1076 matrem
1094 1033 1225 1077 uxorem
1242 1011 1372 1076 duxisse

147 1125 249 1192 fertur
277 1127 393 1192 dicitur
420 1129 545 1207 παῖδας
572 1125 746 1216 γράμματα
772 1124 974 1214 audaciora)
1003 1134 1035 1194 ct
1062 1131 1131 1214 ipse
1158 1126 1370 1214 Homerus3)

147 1245 236 1311 Adde
247 1246 459 1331 Protagoram
481 1249 619 1314 ludibrio
641 1249 761 1313 dictum
776 1269 845 1313 esse
862 1247 1119 1332 ludimagistrum
1132 1248 1173 1314 ab
1188 1249 1327 1332 Epicuro
1338 1249 1370 1334 ⁴)

146 1363 235 1430 Haeo
255 1367 401 1451 exempla
423 1368 538 1450 quibus
561 1367 625 1436 alia
647 1367 738 1433 facile
760 1367 835 1432 addi
856 1372 993 1451 possunt
1016 1367 1160 1432 sufficere
1175 1367 1326 1433 arbitror.
1340 1367 1371 1452 ⁵)

146 1483 215 1548 Iam
238 1484 265 1578 si
288 1485 359 1567 quis
382 1491 517 1568 quaerat
539 1508 604 1573 qua
619 1508 653 1551 re
667 1488 701 1550 in
717 1507 857 1551 errorem
871 1490 909 1550 ut
923 1465 1181 1568 ludimagistrum
1197 1473 1371 1569 Tyrtaeum

146 1602 328 1668 nominaret
349 1604 505 1670 abductus
529 1606 571 1669 sit
592 1605 783 1685 Pausanias,
812 1605 839 1668 is
863 1609 947 1669 certe
968 1605 1051 1670 unde
1072 1604 1150 1668 haec
1171 1603 1280 1668 fabula
1302 1627 1370 1670 ma-

145 1721 271 1785 naverit
292 1721 474 1788 edocebitur
494 1724 545 1788 his
557 1724 692 1808 Lycurgi
713 1723 832 1787 verbis:
855 1719 907 1798 τίς
923 1721 983 1808 γὰρ
1005 1719 1061 1786 οὐκ
1084 1713 1153 1786 οἶδε
1174 1724 1238 1786 τῶν
1256 1717 1368 1808 Ἐλλή-

145 1862 216 1922 νων,
240 1835 291 1906 ὅτι
309 1844 468 1927 Τυρταῖον
484 1841 662 1929 στρατηγὸν
677 1837 794 1924 ἔλαβον
809 1839 901 1927 παρὰ
922 1845 980 1926 τῆς
1001 1835 1138 1922 πόλεως,
1161 1837 1240 1924 μεθ’
1262 1829 1299 1905 οὗ
1313 1839 1370 1906 καὶ

145 1960 209 2022 τῶν
225 1955 392 2042 πολεμίων
406 1955 592 2048 Ιἐκράτησαν
613 1959 668 2026 καὶ
685 1959 742 2048 τὴν
765 1957 844 2045 περὶ
865 1957 941 2036 τούς
964 1956 1056 2037 νέους
1076 1957 1270 2042 ἐπιμέλειαν
1291 1980 1368 2023 σον-

144 2069 313 2160 ετᾶξανιο,
349 2074 386 2144 od
415 2076 516 2163 μόνον
550 2077 597 2157 εἷς
628 2078 684 2145 τὸν
717 2073 867 2165 παρόντα
891 2075 1038 2144 κίνδυνον
1064 2074 1133 2144 ἀλλ’
1159 2073 1207 2154 εἷς
1232 2071 1369 2142 ἅπαντα

142 2194 200 2260 τὸν
213 2191 323 2261 ἀἰῶνα
342 2193 595 2282 βουλευσάμενοι
615 2198 728 2275 καλῶς.
751 2197 907 2263 κατέλιπε
928 2195 988 2283 γὰρ
1011 2192 1121 2272 αὐτοῖς
1141 2193 1264 2280 ἐλεγεῖα
1284 2219 1366 2262 ποι-

141 2310 237 2402 ήσας,
278 2307 321 2381 ὧν
358 2313 528 2394 ἀκούοντες
562 2312 775 2381 παιδεύονται
808 2314 893 2400 πρὸς
932 2311 1090 2401 ἀνδρείαν.
1145 2313 1232 2391 Quae
1268 2313 1366 2380 verba

143 2457 215 2500 cum
249 2435 290 2500 ab
316 2436 527 2501 'audientibus
554 2442 586 2500 et
612 2435 790 2518 legentibus
817 2434 898 2500 falso
926 2435 1187 2517 intellegerentur
1215 2431 1365 2497 videntur

143 2551 289 2633 effecisse,
312 2559 349 2618 ut
370 2559 483 2639 postea
503 2553 680 2618 Pausanias
708 2553 884 2637 reliquique
906 2553 1078 2637 Tyrtaeum
1106 2551 1365 2634 ludimagistrum

143 2676 304 2736 vocarent.
360 2671 523 2748 Quaenam
563 2678 669 2737 autem
708 2670 867 2737 sententia
904 2671 967 2736 illis
1005 2669 1110 2735 verbis
1147 2669 1238 2751 insit,
1279 2674 1366 2734 recte

142 2789 221 2855 mihi
258 2791 458 2874 perspexisse
496 2791 621 2856 videtur
653 2790 792 2872 Hecker‚
832 2791 886 2872 qui
922 2790 944 2854 l.
978 2811 1004 2854 c.
1034 2811 1065 2872 p.
1101 2793 1161 2854 453
1202 2787 1362 2872 copiosius

142 2907 202 2973 hac
227 2908 266 2973 de
293 2931 329 2975 re
353 2910 505 2993 disputat.
543 2909 640 2990 Nam,
664 2907 905 2994 „siyai1tccat“,
929 2908 1042 2990 inquit,
1066 2908 1276 2988 ‚‚scocr·iorem
1297 2907 1364 2971 dis·

142 3028 290 3109 cipliaam
312 3031 430 3114 legibus
452 3053 472 3096 ο
495 3031 629 3114 Tyrtcco
649 3031 809 3112 firmatam
832 3049 891 3110 qao
912 3027 1074 3110 pracsidio
1096 3025 1319 3106 rempublicam
1341 3047 1363 3089 α

142 3146 311 3213 inoculatio
339 3150 370 3214 ον’
395 3156 424 3214 ct
450 3149 554 3214 stadio
581 3167 688 3212 reram
717 3167 868 3212 ιιοοονιιννν
897 3146 996 3211 tacitas
1012 3145 1071 3209 'cst
1092 3151 1121 3210 et
1142 3144 1176 3208 ia
1204 3147 1364 3224 posteram

142 3269 241 3329 iatam
266 3267 412 3332 reddidit.
421 3269 439 3299 “
492 3267 560 3331 Has
588 3265 672 3331 enim
706 3268 815 3348 partes
843 3263 974 3347 Tyrtaei
1006 3261 1104 3326 fuisse
1136 3262 1170 3325 in
1209 3259 1364 3324 seditione

143 3401 224 3465 quae
249 3381 287 3446 de
314 3380 436 3466 legibus
464 3384 600 3466 agrariis
628 3387 740 3447 exorto
762 3382 864 3447 altero
886 3381 969 3446 bello
991 3377 1185 3446 Messeniaco
1208 3383 1364 3443 renovata

142 3504 191 3566 est
218 3522 238 3566 a
266 3500 428 3566 nonnullis
454 3523 493 3566 ex
514 3502 678 3566 iuventute
704 3499 858 3565 nobilium
887 3500 1034 3583 quicum
1056 3498 1187 3582 plebeiis
1209 3496 1363 3560 frumenti

229 3675 253 3739 1)
272 3670 324 3724 Cfr.
341 3671 359 3724 l.
377 3685 399 3724 c.
416 3687 442 3738 p.
460 3671 520 3724 593.

225 3759 253 3820 2)
273 3755 325 3810 Cfr.
344 3755 397 3812 Vit.
414 3755 492 3811 Hom.
509 3757 534 3809 4.

227 3840 253 3908 3)
270 3839 302 3894 V.
321 3846 428 3895 certam.
445 3841 523 3895 Hom.
541 3844 569 3894 et
583 3839 646 3893 Hes.
664 3855 693 3907 p.
710 3839 756 3908 34,
776 3839 808 3892 15
826 3837 867 3894 ed.
885 3838 1044 3893 Westerm.:
1063 3829 1243 3904 Κολοφώνιοι
1263 3831 1294 3885 δὲ
1313 3835 1362 3884 καὶ

141 3918 229 3979 τόπον
247 3922 430 3993 δεικνύουσιν,
448 3926 479 3982 ἓν
496 3914 525 3996 ᾧ
536 3941 624 3996 φασιν
642 3922 727 3981 αὐτὸν
743 3919 895 3997 γράμματα
915 3919 1083 3977 διδάσκοντα
1101 3923 1147 3987 τῆς
1159 3913 1295 3985 ποιήσεως
1308 3911 1360 3989 ἄρ-

140 4012 252 4069 ξασθαι.
643 4025 645 4030 ·

227 4097 255 4164 4)
273 4095 325 4150 Cfr,
343 4097 420 4166 Diog.
438 4096 528 4151 Laert.
546 4095 579 4163 X,
597 4099 622 4150 8.

228 4181 254 4249 ὅ)
273 4181 325 4237 Cfr.
343 4183 427 4237 Heck.
446 4182 463 4238 l.
482 4199 505 4238 c.
522 4199 549 4250 p.
567 4183 626 4236 452.

228 4268 253 4342 6)
272 4267 325 4331 efr.
342 4268 407 4343 Lyc.
426 4285 448 4324 c.
467 4267 561 4324 Leocr.
581 4283 604 4322 c.
622 4269 664 4322 28.
