2990 4594
131 319 441 412 μεταπέμψασθαι,
478 319 533 392 ὅτε
561 324 647 414 πρὸς
675 323 886 416 Μεσσηνίους
915 317 1002 408 εἶχον
1026 323 1085 414 τίγν
1111 319 1216 412 μα’χην
1242 323 1297 392 καί
1323 323 1368 391 έν

131 435 259 530 ἀπορίᾳ
276 439 478 530 κατέστησαν
500 445 617 532 πολλῇ,
641 440 686 523 νίς
707 444 746 534 δὴ
769 441 880 512 ίκανοῢ
902 440 1013 522 αὐτοῖς
1035 441 1191 528 ἐσομένου
1213 443 1367 532 πρδςτδ

133 559 275 628 συνιδεῖν
301 557 340 626 τδ
371 559 546 640 λυσιτελές·
575 557 661 650 αὐτῷ
681 562 742 650 γάρ
769 560 934 649 ἐπέτρεψε
959 555 1149 650 χρήσασθαι
1176 557 1363 649 συμβοίλιμ.

133 671 332 766 ἀφικόμενος
353 675 390 744 δὲ
412 667 507 758 οὗτος
528 675 577 758 είς
590 677 827 766 Λακεδαίμονα
847 678 903 748 καί
916 676 1081 759 ἐπίπνους
1095 677 1266 769 γενόμενος
1280 702 1363 746 συν-

132 791 321 881 εβούλευσεν
357 793 469 875 αὐτοῖς
508 793 688 865 ἀνελέσθαι
731 798 789 866 τὸν
829 795 915 886 πρὸς
953 796 1163 886 Μεσσηνίους
1202 795 1363 882 πόλεμον,

137 912 335 1003 προτρέπων
358 911 534 999 παντοίως,
557 913 592 981 ἐν
614 906 665 994 οἷς
685 914 740 983 καί
760 914 799 984 τδ
821 908 1001 1004 φερόμενον
1015 912 1123 982 εἰπεῖν
1137 912 1230 996 ἔπος·

271 1029 448 1122 Μεσσήνην
477 1029 606 1121 ἀγαθὴν
631 1032 692 1118 μὲν
713 1028 824 1123 ἀροῦν,
847 1030 977 1121 ἀγαθὴν
999 1032 1036 1100 δὲ
1057 1030 1216 1122 φυτεύειν.

133 1153 254 1219 Deinde
268 1153 402 1219 Diodori
417 1153 497 1237 (XV,
522 1152 576 1239 66)
586 1181 592 1218 :
604 1146 761 1241 Ὕστερον
783 1152 820 1220 δέ
841 1148 1057 1219 δουλευόντων
1072 1149 1268 1242 Μεσσηνίων
1288 1157 1363 1232 τοῖς

134 1267 428 1354 Λακεδαιμονίοις,
446 1268 680 1359 Ἀριστομένης
706 1267 821 1338 ἔπεισε
845 1270 922 1350 τούς
944 1269 1153 1359 Μεσσηνίους
1173 1269 1363 1358 ἀποστῆναι

134 1391 199 1456 τῶν
214 1392 441 1475 Σπαρτιατῶν,
459 1389 515 1455 καί
536 1387 645 1455 πολλὰ
658 1388 740 1454 κακὰ
756 1385 963 1477 διειργάσατο
978 1389 1054 1468 τούς
1067 1385 1289 1483 Σπαρτιάτας,
1305 1385 1363 1456 ὅτε

133 1505 190 1578 καί
209 1511 368 1594 Τυρταῖος
390 1501 408 1572 δ
430 1507 571 1594 ποιητὴς
590 1505 657 1575 ’ὑπὸ
674 1506 861 1596 Ἀθηναίων
881 1504 1007 1595 ἡγεμών
1029 1504 1133 1597 ἐδόθη
1154 1513 1225 1586 τοῖς
1244 1514 1360 1595 Σπαρ-

134 1620 273 1701 τιοίτοιις.
319 1609 440 1690 Deinde
467 1626 634 1693 Themistii
663 1628 754 1694 Orat.
785 1628 865 1710 (XV,
898 1649 930 1711 p.
961 1630 1049 1713 197):
1082 1623 1363 1711 Λακεδαιμονίοις

136 1747 208 1821 τοῖς
230 1736 336 1807 πάλαι
365 1741 502 1830 πολέμῳ
530 1743 739 1829 πιεζομένοις
768 1740 834 1808 δπδ
856 1741 1054 1832 Μεσσηνίων
1082 1740 1207 1811 ἀνεῖλεν
1233 1741 1252 1810 ὁ
1278 1743 1362 1822 θεὸς
1416 1787 1426 1806 .
1492 1758 1493 1780 ¹

136 1857 321 1946 συμμαχίαν
343 1856 513 1928 αίτεῒσθοιι
528 1858 727 1951 Ἀθήνηθεν.
751 1861 1046 1948 πρεςβευσαμένοις
1067 1862 1104 1929 δέ
1118 1869 1189 1942 τοῖς
1202 1857 1362 1929 Λάκωσιν

137 1977 169 2049 oi
193 1977 371 2068 Ἀθηναῖοι
404 1978 460 2047 καί
487 1978 670 2067 συμμαχίαν
696 1981 754 2071 τὴν
782 1977 1021 2069 Πυδόχρηστον
1049 1979 1279 2069 αἰτησαμένοις
1305 1975 1363 2062 οὐχ

138 2095 228 2167 ὅπλα
255 2123 292 2165 τε
320 2093 438 2166 ἔδοσαν
465 2097 540 2168 οὐδὲ
568 2097 697 2180 ἱππέας
726 2098 801 2167 οὐδὲ
827 2099 875 2185 μὰ
888 2097 970 2166 ΙΔία
997 2100 1119 2188 ψιλοὺς
1145 2093 1165 2188 ἢ
1191 2104 1362 2186 γυμνῆτας,

137 2214 220 2286 ἀλλὰ
241 2217 478 2305 Τυρταῖοντδν
501 2215 650 2308 ποιητήν·
672 2215 791 2308 ᾔδεσαν
811 2217 872 2305 γὰρ
888 2215 945 2284 δίτε
960 2219 1061 2306 σοφοί
1076 2213 1167 2298 ίίντες
1176 2215 1363 2306 Ἀθηναῖοι,

136 2343 208 2416 τοῖς
228 2335 289 2421 μὲν
305 2331 434 2420 σώμασι
445 2335 730 2420 Λακεδαιμονίους
739 2333 936 2424 Μεσσηνίων
950 2333 1007 2420 οὐχ
1019 2334 1231 2426 ἡττωμένους,
1246 2331 1368 2422 θάρσει

139 2457 177 2524 δὲ
209 2452 264 2521 καί
297 2452 475 2542 προθυμίᾳ
505 2451 656 2539 βελτίους
686 2453 859 2542 γενέσθαι,
884 2495 927 2506 -
955 2451 1135 2543 ἀναστῆσαι
1170 2457 1207 2523 δὲ
1232 2451 1368 2535 τοίτους

144 2569 328 2663 ἒπτηχότας
341 2571 396 2638 καί
411 2568 571 2659 ἀνεγεῖραι
585 2569 689 2639 αὐτῶν
701 2573 743 2640 τὰ
764 2569 956 2663 φρονήματα
976 2573 1031 2641 καί
1052 2573 1138 2663 πρὸς
1157 2576 1215 2643 τὸν
1237 2565 1375 2664 ἀρχαῖοί

141 2695 235 2784 ζῆλον
263 2688 434 2778 ἀναγαγεῖν
461 2687 571 2770 ἱκανὸς
596 2690 656 2775 μὲν
677 2682 715 2780 ἦν
735 2692 790 2759 καί
814 2698 989 2781 Τυρταῖος,
1013 2689 1190 2782 ἱκανωτέρα
1211 2693 1249 2760 δὲ
1269 2695 1366 2782 φιλο-

143 2809 255 2902 σοφία.
298 2813 465 2878 Postremo
493 2813 614 2878 Justini
643 2811 719 2895 (111,
743 2813 796 2896 5):
832 2865 865 2895 „.
880 2864 886 2878 .
901 2864 907 2879 .
966 2814 1206 2879 Lacedaemonii
1235 2813 1370 2879 dabelli

142 2938 257 3002 eventu
286 2930 415 2996 oraculo
441 2931 574 3016 Delphis
603 2930 747 2997 consulto
775 2930 925 2996 iubentur
956 2932 1067 2997 ducem
1097 2931 1173 2996 belli
1202 2933 1242 2998 ab
1272 2930 1367 2996 Athe-

142 3052 305 3120 niensibus
343 3055 461 3134 petere.
516 3052 618 3118 Porro
651 3051 874 3131 Athenienses,
914 3071 985 3116 eum
1025 3071 1215 3135 responsum
1254 3069 1367 3133 cogno·

142 3173 273 3254 visasint,
295 3169 330 3234 in
351 3175 547 3237 contemtum
563 3172 799 3258 Spartanorum
813 3170 986 3256 Tyrtaeum
1007 3174 1136 3254 poetam
1157 3169 1269 3236 claudo
1290 3169 1369 3252 pede

142 3290 287 3357 misere.“

228 3439 289 3507 His
310 3439 459 3524 perlectis
482 3462 581 3526 quum
602 3461 695 3506 nemo
718 3441 760 3506 sit
782 3442 837 3525 qui
859 3462 925 3507 non
946 3442 1039 3508 facile
1060 3442 1234 3527 perspiciat
1261 3461 1369 3506 omnes

144 3561 217 3628 illos
247 3561 282 3625 in
308 3559 404 3626 rebus
434 3560 472 3626 de
494 3561 633 3646 Tyrtaeo
662 3562 818 3643 narratis,
848 3561 876 3626 si
905 3583 925 3626 a
953 3562 1065 3646 paucis
1093 3560 1290 3640 discesseris,
1322 3559 1369 3624 ita

145 3679 325 3746 consentire
360 3685 398 3746 ut
432 3681 501 3746 iura
530 3679 763 3763 aliquantisper
790 3679 943 3745 haesitari
968 3680 1072 3764 possit
1102 3679 1173 3762 quis
1201 3677 1251 3742 cui
1279 3697 1369 3761 prae·

39 3883 40 3886 ¹
145 3798 295 3866 ferendus
317 3797 370 3882 sit,
392 3799 485 3865 nobis
507 3799 711 3884 propositum
733 3802 792 3881 est,
814 3819 852 3864 ea
872 3803 1001 3864 tantum
1016 3819 1098 3882 quas
1113 3797 1290 3863 Pausanias
1305 3801 1368 3861 tra·

145 3917 229 3983 didit
254 3917 467 4003 perlustrare,
496 3917 581 3983 unde
609 3937 691 4002 quae
718 3917 753 3982 in
781 3919 866 3984 hunc
892 3917 1008 3984 cadant
1034 3916 1144 3982 eadam
1171 3917 1206 3980 in
1232 3915 1368 3998 reliquos

146 4037 307 4124 pertinere
328 4036 508 4122 apparebit.
