2990 4594
263 403 433 488 Reliqurm
454 407 504 468 est
524 401 693 486 anquirere
719 401 797 486 quid
822 400 884 468 sibi
904 401 1114 468 Philochorus
1135 407 1169 468 et
1190 403 1422 472 Callisthenes

177 523 275 590 velint
291 521 346 606 qui
360 520 510 586 dixerunt
520 521 743 606 Aphidnaeum
756 521 853 588 fuisse
863 524 1038 607 poetam’)
1061 521 1172 588 Fuisse
1183 527 1295 588 autem
1313 523 1421 588 binas

179 641 345 726 Aphidnas
366 641 498 730 cognovi
526 661 565 705 ex
589 639 698 723 Steph.
720 640 796 725 Byr.
827 661 900 726 pag.
934 647 1013 722 200,
1042 641 1098 708 ubi
1125 641 1216 708 haec:
1244 635 1419 728 Ἄφιδκα,

178 759 281 848 δῆμος
298 756 449 846 Ἀττικῆς
470 761 528 845 τῆς
549 754 733 835 Λεοντίδος
754 759 866 845 φυλῆς.
892 797 928 808 -
952 757 1024 826 ἐστὶ
1044 758 1082 826 δὲ
1103 757 1158 826 καὶ
1178 760 1421 847 πληθυντικὸν

168 879 338 966 >Ἀφιδναι.
361 875 434 946 ἐστὶ
447 875 502 944 καὶ
515 881 574 965 τῆς
588 881 791 964 Λακωνικῆς,
806 873 889 944 ὅθεν
903 867 984 964 ἦσαν
999 873 1033 944 oi
1048 875 1285 957 Λευκιππίδες
1297 879 1375 945 κτλ
1387 881 1419 964 ³)

181 995 354 1075 Quaeritur
375 1001 469 1062 utrae
490 993 659 1079 Aphidnas
680 993 831 1060 hocloco
853 996 919 1060 sint
940 995 1136 1079 probandae.
1172 996 1216 1060 Et
1238 996 1417 1062 Philocho-

178 1137 250 1180 rum
278 1115 405 1198 quidem
433 1114 558 1180 Atticas
585 1113 781 1180 intellexisse
809 1112 976 1198 Aphidnas
996 1115 1181 1199 ¹perlegenti
1207 1115 1308 1180 verba
1338 1109 1418 1191 ὦρτ’

178 1226 199 1320 ἢ
219 1238 322 1301 ταῦτα
342 1271 385 1282 -
406 1227 592 1319 ἀφικέσθαι
614 1233 821 1299 manifestum
842 1240 901 1300 est.
940 1234 1061 1311 Quodsi
1081 1233 1141 1298 has
1163 1234 1336 1318 Aphidnas
1361 1256 1413 1299 ac·

178 1357 365 1440 ciperemus,
389 1352 562 1437 Tyrtaeum
583 1351 711 1418 Ionicae
732 1351 829 1418 fuisse
846 1353 950 1436 gentis
966 1351 1149 1418 diceremus.
1181 1350 1275 1428 Quod
1289 1351 1412 1418 falsum

178 1494 247 1540 esse
274 1494 346 1538 cum
368 1492 467 1556 supra
488 1471 822 1554 demonstraverimus,
845 1472 965 1538 alteras
986 1471 1157 1556 Aphidnas
1175 1469 1408 1555 intellegamus

179 1613 305 1660 necesse
327 1595 385 1656 est.
416 1592 521 1674 Atque
543 1590 628 1656 hune
649 1591 752 1678 δῆμον
773 1591 801 1655 si
815 1590 986 1656 statuimus
999 1590 1129 1675 Tyrteei
1141 1588 1282 1674 patriam
1297 1589 1409 1671 fuisse,

181 1709 316 1776 multum
339 1727 398 1772 nos
419 1708 481 1772 hac
502 1707 536 1770 in
568 1706 800 1790 disceptatione
826 1707 979 1791 proficere
1006 1707 1157 1772 arbitror.
1201 1706 1310 1772 Facile
1338 1711 1409 1772 tum

180 1825 235 1910 qui
262 1823 384 1889 iactum
411 1821 454 1886 sit
484 1825 522 1886 ut
555 1841 630 1886 suas
658 1821 825 1904 Aphidnas
852 1823 1062 1888 Athenienses
1090 1823 1230 1907 Tyrtaeo
1263 1825 1408 1907 patriam

181 1944 418 2028 supposuerint,
440 1941 647 2026 intellegitur.
677 1939 761 2005 Nam
784 1962 916 2008 suarum
933 1941 1156 2025 Aphidnarum
1177 1941 1295 2007 ricinia
1308 1941 1407 2008 Athe·

181 2064 307 2128 nienses
335 2065 503 2142 „sophistae
532 2075 558 2123 ιι
577 2066 809 2146 μοκιφμτὶιίαι“
838 2060 877 2124 de
900 2060 1030 2145 Tyrteei
1057 2060 1166 2145 patria
1186 2064 1219 2125 et
1239 2061 1274 2125 in
1296 2081 1407 2126 errore

181 2182 284 2248 adiuti
312 2186 344 2246 et
371 2180 413 2246 ad
439 2180 584 2246 fraudem
610 2181 732 2247 inducti
761 2183 845 2245 sunt.
889 2179 976 2263 Ergo
1010 2179 1173 2262 quamvis,
1201 2200 1273 2244 cum
1307 2181 1403 2245 nullis

183 2302 254 2367 aliis
280 2301 341 2366 hae
368 2299 407 2363 de
433 2319 469 2363 re
497 2299 693 2382 argumentis
720 2298 921 2379 adiuvemur,
950 2319 1026 2363 sane
1048 2297 1190 2364 dubitari
1211 2298 1307 2364 liceat
1326 2321 1402 2364 num

183 2418 346 2486 Lacomeis
367 2417 525 2502 Aphidnis
548 2420 644 2480 natus
667 2415 710 2482 sit
731 2415 900 2500 Tyrtaeus,
922 2422 1031 2482 tamen
1043 2417 1180 2482 Doricae
1201 2417 1312 2502 stirpis
1332 2439 1403 2484 eum

182 2537 280 2604 luisse
301 2537 395 2602 nobis
417 2555 607 2621 persuasum
627 2538 685 2604 ost.

182 2741 251 2797 quae
262 2725 291 2778 in
302 2731 433 2796 -βροτος
450 2723 631 2792 terminantur,
649 2738 810 2791 quamquam
829 2721 957 2777 nonnulla
974 2722 1046 2792 apud
1062 2722 1208 2778 Homerum
1224 2723 1349 2794 leguntur,
1365 2726 1393 2774 ut

182 2811 366 2884 δμφίβροτος,
383 2803 584 2880 μιξδμβροτος,
602 2812 811 2877 πεισίμβροτος,
829 2812 1036 2879 τερψίμβροτος,
1055 2813 1268 2882 φαεσίμβροτος,
1286 2810 1395 2878 φθισίμ-

182 2903 293 2968 βροτος,
315 2897 536 2964 φθερίμβροτος,
562 2896 651 2944 tamen
675 2890 790 2958 plurima
813 2889 884 2956 apud
906 2895 1001 2956 poetes
1019 2889 1130 2944 Doricos
1149 2897 1176 2944 et
1193 2890 1318 2946 Aeolicus
1334 2891 1399 2944 inve·

183 2980 299 3046 niuntur,
317 2976 390 3030 velut
406 2974 478 3043 apud
495 2973 650 3030 Pindarum:
675 2969 826 3046 ἄμβροτος,
845 2973 1084 3047 δαμασίμβροτος,
1103 2981 1320 3048 φαυσίμβροτος,
1341 2973 1400 3028 dm-

182 3059 352 3135 δδμβροτος,
370 3056 592 3130 πλειστόβροτος,
611 3057 817 3130 δίεξίμβροτος,
836 3058 1031 3129 δναρίμβροτος
1055 3059 1110 3110 κτλ.
1147 3058 1200 3112 cfr.
1217 3059 1333 3114 Boeokh.
1350 3059 1399 3112 ind.

182 3147 223 3202 ad.
242 3145 318 3200 Pind.
336 3175 369 3186 -
386 3145 552 3200 Paucissima
569 3143 641 3212 apud
659 3143 803 3212 scriptores
815 3141 919 3196 Ionicos
937 3143 1036 3196 usitata
1053 3141 1174 3212 fuerunt,
1192 3144 1264 3198 velut
1286 3150 1400 3215 φαεσίμ-

182 3240 279 3305 βροτος
301 3231 373 3299 apud
388 3231 558 3300 Euripidem3
577 3226 692 3303 ἄβροτος
710 3228 818 3283 exhibet
836 3228 918 3282 schol.
936 3226 971 3282 ad
989 3227 1086 3282 Aesch.
1105 3228 1148 3282 Pr.
1167 3233 1197 3298 23
1220 3225 1400 3300 μιξόμβροτος

182 3314 283 3370 Aesch.
313 3314 408 3383 Suppl.
426 3318 484 3368 563.
515 3321 709 3386 πεισίμβροτος
732 3314 828 3368 Aesch.
858 3313 922 3366 Cho.
941 3315 998 3366 361.
1028 3318 1055 3366 et
1076 3314 1265 3383 Empedoclem
1291 3316 1398 3368 animam

179 3396 276 3471 χθόνα
294 3393 470 3467 ἀμφιβρότην
487 3399 586 3453 dixisse
605 3396 675 3452 Plut.
694 3411 767 3449 conv.
785 3397 853 3464 disp.
871 3400 896 3464 5,
914 3399 939 3463 8,
957 3399 974 3448 2
991 3403 1088 3452 narrat.
1111 3399 1186 3454 Haec
1202 3399 1268 3453 mihi
1284 3399 1396 3453 videntur

184 3483 321 3550 suffitum
344 3497 379 3535 ex
396 3480 494 3548 quibus
511 3481 668 3536 concludam
683 3482 790 3537 nomina
806 3495 875 3550 quae
898 3480 1076 3535 terminantur
1097 3483 1126 3537 in
1146 3491 1277 3552 -βροτος
1294 3481 1396 3538 Athenis

184 3582 320 3637 nunquam
336 3567 364 3620 in
382 3582 547 3622 communem
565 3583 643 3622 usum
662 3568 768 3636 abiisse,
787 3568 834 3622 sed
852 3583 885 3621 ex
894 3565 1010 3620 Homero
1027 3568 1150 3636 profecta
1167 3585 1227 3625 esse
1238 3570 1396 3640 potissimum

185 3653 219 3709 ad
235 3653 321 3706 Dores
338 3659 366 3706 et
382 3652 488 3706 Aeoles.
515 3651 591 3719 Quod
609 3669 669 3708 cunr
688 3660 791 3708 constet
808 3668 899 3708 sorum
917 3653 1007 3721 opinio
1024 3655 1139 3709 concidit
1157 3655 1202 3723 qui
1220 3661 1285 3710 natu
1299 3655 1396 3724 quidem

186 3739 355 3810 Spartanum,
374 3739 458 3807 stirpe
474 3754 536 3794 vero
553 3739 744 3795 Atheniensem
761 3741 906 3811 Tyrtaeum
923 3746 1027 3809 putant.

274 3824 299 3893 1)
319 3823 371 3878 Cir.
391 3822 544 3880 strehlen.
563 3842 625 3896 pag.
642 3826 669 3879 h.
687 3826 712 3880 d.
732 3830 772 3882 14.

272 3909 299 3976 2)
317 3906 371 3962 Cir.
389 3905 469 3963 Paus.
487 3911 508 3978 I,
529 3911 568 3980 17,
587 3914 611 3964 6.
629 3911 664 3982 ΙΙ,
682 3915 723 3981 22,
742 3916 765 3966 7.
784 3910 832 3980 ΠΙ,
852 3913 892 3978 18,
902 3912 934 3968 ,3.

642 4151 946 4163 ,ἡμὴ-...φωνῇ-
