2990 4594
698 224 738 286 23

226 429 455 514 πρεςβαγενεῒς
476 421 513 490 δὲ
535 421 697 510 γέροντας,
720 417 840 488 ἔπειτα
861 418 899 485 δὲ
920 414 1065 508 δημότας
1085 413 1206 506 ἄνδρας

77 556 121 616 et
149 549 238 632 frag.
262 555 300 616 5:

268 659 436 740 δεσπότας
458 655 662 744 οἰμώζοντες,
686 655 775 742 ὁμῶς
796 651 910 739 ὅλοχοί
930 681 966 722 νε
988 655 1044 722 καὶ
1064 652 1166 739 αὐτοί,

83 786 220 870 quibus
242 785 275 850 in
298 782 442 850 versibus
465 772 628 857 όεςντότας
655 783 688 842 et
710 772 854 864 δημότας
874 776 1008 860 legimus
1036 780 1185 860 correpta
1210 776 1342 844 ultima·

82 907 189 974 Haeo
195 909 302 968 autem
314 901 402 986 apud
413 899 515 966 Dores
525 903 654 963 tantum
664 896 798 980 reperiri
810 916 869 962 uos
882 895 974 962 docet
980 895 1150 978 Ahrens.¹)
1167 893 1332 962 Neminem

87 1022 249 1088 arbitror
270 1041 339 1108 esse
361 1019 417 1101 qui
439 1017 526 1083 dieat
546 1016 706 1080 hominem
723 1013 779 1096 qui
792 1013 886 1078 modo
901 1034 940 1078 ex
955 1013 1064 1078 Attica
1078 1013 1240 1079 advenerit
1254 1015 1332 1082 talia

91 1140 274 1223 scripsisse
287 1139 321 1202 in
346 1135 490 1202 versibus
513 1133 621 1217 epicis.
658 1133 718 1228 His
739 1136 846 1196 autem
867 1132 1020 1216 exemplis
1042 1131 1122 1198 adde
1144 1131 1225 1216 frag.
1247 1133 1272 1212 Ι,
1298 1142 1330 1203 1;

265 1251 380 1332 Αὐτὸς
401 1248 462 1340 γάρ
484 1246 642 1338 Κρονίων,
660 1243 919 1336 καλλιστεφόνου
941 1245 1043 1327 πόσις
1055 1244 1159 1336 Ἥρης

93 1397 168 1459 quo
202 1375 271 1442 loeo
300 1369 449 1460 Κρονίων
476 1371 594 1454 legitur
620 1373 815 1453 anapaestus
845 1390 927 1452 quae
955 1390 1106 1435 mensura
1132 1368 1285 1436 abhorret
1311 1393 1332 1436 a

95 1493 335 1561 consuetudine
357 1490 535 1558 Homerica.
577 1486 661 1552 Nam
682 1488 840 1552 Homerus
861 1488 923 1552 hoc
944 1488 1071 1552 nomine
1092 1489 1139 1554 ito
1160 1489 1272 1570 utitur,
1294 1495 1332 1554 ut

96 1611 316 1698 penultimam
339 1610 374 1674 in
395 1607 592 1674 nominativo
613 1605 781 1690 producat,
802 1605 836 1670 in
858 1605 971 1670 oeteris
993 1611 1100 1670 autem
1121 1591 1248 1672 nasibus
1263 1628 1330 1674 oor-

96 1732 212 1814 ripiat.
261 1731 394 1796 Praeter
422 1726 596 1812 Tyrtaeum
629 1723 839 1808 penultimam
874 1723 1008 1807 corripit
1040 1723 1138 1789 etiam
1162 1725 1330 1792 Pindarus.

102 1847 171 1914 on.
194 1847 289 1931 Pyth.
320 1855 355 1928 4,
385 1853 441 1927 39;
469 1844 561 1910 Nem.
587 1850 621 1924 1,
649 1847 708 1923 23;
737 1849 772 1924 9,
796 1848 847 1910 66.
893 1840 974 1907 Cum
1000 1863 1052 1908 res
1078 1843 1126 1908 ita
1148 1863 1182 1908 se
1203 1843 1330 1926 habeat,

107 1966 199 2032 nullo
221 1965 317 2032 modo
339 1965 409 2030 fieri
430 1962 546 2048 potuit,
570 1961 648 2045 quin
669 1959 766 2044 pedes
789 1961 835 2026 sio
856 1981 982 2026 mensos
997 1961 1096 2026 Ionioi
1116 1961 1255 2028 hominis
1272 1966 1330 2028 eut

107 2084 241 2150 auribus
269 2082 429 2148 ferrentur
456 2085 514 2145 aut
540 2102 595 2146 ore
622 2079 923 2165 pronunciarentur.

191 2203 298 2285 Atque
306 2201 412 2293 ipsum
419 2199 522 2283 patris
534 2219 650 2264 nomen
663 2198 864 2263 demonstrat
874 2196 1008 2262 Doricae
1019 2197 1129 2280 stirpis
1142 2197 1239 2263 misse
1250 2198 1329 2283 Tyr·
1440 2229 1443 2234 >

40 2383 43 2390 .
105 2327 222 2388 teeum
257 2320 373 2386 Suidas
388 2319 472 2384 enim
488 2323 613 2396 poetam
628 2316 725 2382 fuisse
740 2313 841 2380 filium
856 2313 1072 2380 Arohimbroti
1086 2316 1250 2383 cuiusdam
1265 2317 1287 2386 1.
1303 2339 1329 2384 c.

105 2439 199 2506 nobis
210 2439 354 2504 tradidit.
384 2438 470 2503 Bene
482 2434 699 2501 Thiersohius:
715 2439 790 2512 „hoc
804 2437 926 2516 ipsum&
943 2434 1058 2518 inquit,
1072 2458 1196 2511 „nomen
1207 2439 1329 2500 Λακω-

106 2553 196 2619 νικόν
210 2549 321 2637 κόμμα
336 2561 425 2622 tabet.
452 2560 602 2618 Laeonum
616 2557 690 2616 enim
704 2557 821 2616 nomina
831 2560 923 2634 plura
938 2577 957 2616 a
970 2557 1090 2639 βροτος
1102 2559 1255 2635 composita
1266 2569 1331 2618 sunt

105 2687 132 2736 et
145 2677 175 2735 in
197 2697 259 2737 eam
281 2679 503 2736 terminationem
525 2685 638 2748 ereum,
661 2685 692 2734 ut
709 2676 905 2734 Thebanorum
926 2675 955 2734 iu
977 2671 1090 2750 ωνόας.
1122 2673 1215 2750 Quod
1235 2695 1327 2758 argu-

103 2796 247 2856 mentum
258 2793 402 2874 quamvis
415 2793 552 2864 Baebius
565 2788 732 2856 debilitare
744 2788 873 2854 studeat
883 2792 1020 2873 repertis
1030 2790 1134 2858 tribus
1146 2791 1327 2856 nominibus

104 2929 188 2991 quae
196 2914 272 2972 sunt
279 2904 489 2996 Ἐχεμβρότου
495 2904 664 2996 Ἀρκάδος,
677 2895 929 2995 Καλλιμβρότοο
938 2913 972 2973 Κ
973 2890 1175 2994 αιλιονιότου,
1187 2915 1327 2993 Σνεσιμ-

101 3020 224 3112 βρότον
245 3023 377 3110 Θασίου,
400 3035 508 3096 tamen
531 3036 569 3094 ut
590 3051 628 3094 ee
649 3027 779 3093 nomine
795 3026 1036 3092 Atheniensium
1056 3028 1154 3094 fuisse
1169 3034 1327 3113 putemus,

103 3145 247 3212 nondum
275 3145 393 3228 effecit;
420 3149 535 3232 potius
562 3147 655 3214 facile
682 3146 760 3214 mihi
787 3146 916 3212 concedi
936 3150 1016 3229 puto
1039 3147 1169 3214 nomina
1190 3169 1273 3232 quae
1293 3149 1327 3215 in
1397 3176 1400 3189 ·

105 3268 225 3347 βροτος
253 3272 371 3332 exeunt
399 3268 486 3352 apud
508 3267 718 3332 Athenienses
740 3265 862 3330 usitata
884 3284 949 3328 non
970 3263 1077 3329 fuisse.
1119 3249 1255 3350 insuper
1277 3288 1327 3333 co·

103 3382 269 3465 gitandum
296 3388 345 3448 est
372 3405 443 3450 eam
471 3383 678 3452 concludendi
706 3385 864 3452 rationem
885 3383 924 3449 de
945 3383 1177 3466 antiquissimis
1198 3392 1327 3453 tantum

102 3501 301 3584 temporibus
330 3502 447 3584 quibus
476 3502 566 3568 nulla
592 3502 654 3567 fuit
676 3504 817 3587 gentium
838 3503 1066 3587 nominumque
1087 3503 1199 3570 mixtio
1221 3505 1326 3570 locum

103 3618 228 3685 habere.
261 3619 415 3702 Inprimis
438 3624 546 3684 autem
567 3620 698 3685 nomina
719 3642 801 3704 quae
822 3627 939 3687 exeunt
959 3621 993 3687 in
1015 3625 1176 3706 -βροτος
1189 3624 1327 3690 maxime

100 3736 188 3819 apud
216 3737 484 3804 Lacedaemonios
518 3739 640 3802 usitata
672 3738 770 3806 fuisse
803 3741 905 3805 multa
938 3739 1123 3805 testimonia
1154 3739 1247 3805 nobis
1291 3741 1326 3805 in

99 3832 230 3938 promtu
253 3860 338 3921 sunt.
383 3857 471 3922 Satis
492 3861 542 3922 est
563 3878 809 3924 commemorare
830 3855 906 3935 τοὺς
928 3852 1230 3944 Κλεομβρόταος.’)

183 4058 209 4124 1)
228 4057 289 4124 „De
305 4058 368 4112 dial.
387 4061 472 4116 Dor.·“
489 4065 531 4130 21,
551 4065 574 4117 1.

184 4142 211 4210 2)
228 4141 454 4198 Terminationem
471 4151 601 4218 -βροτος
618 4161 635 4200 a
652 4145 742 4201 dorica
759 4146 873 4214 quadam
890 4146 976 4200 forma
992 4145 1041 4200 viri
1058 4146 1247 4203 doetidununt.
1271 4145 1324 4203 on.

97 4225 203 4282 Ahrens
221 4227 254 4282 de
272 4227 334 4285 dial.
353 4228 407 4285 dor.
427 4245 487 4300 pag.
506 4234 571 4301 349;
588 4231 689 4288 Buttm.
708 4231 780 4288 lexil.
797 4233 818 4287 1.
836 4248 897 4302 pag.
917 4233 964 4286 131
984 4246 1042 4300 sqq.
1077 4233 1168 4302 Atque
1185 4249 1219 4288 ex
1235 4232 1324 4290 verbis
