2990 4594
725 217 765 282 tt

132 426 211 486 iussu
234 424 436 500 imperatorem
458 421 495 480 ob
518 419 731 482 Atheniensitns
750 418 898 495 petivisse,
921 416 970 493 qni
991 415 1045 476 siti
1064 433 1125 474 rem
1147 414 1311 488 restituent,
1335 423 1362 476 c

137 544 287 619 memnon
316 541 354 600 ot
375 539 589 602 Atheniensibus
616 539 714 598 ἀαιιηη
742 555 816 610 esee,
846 536 926 596 coins
946 553 1036 611 opere
1058 529 1213 594 Messenios
1233 534 1364 594 vicum

116 614 287 738 ”Spartane
336 659 423 726 Quod
449 677 536 736 quum
557 656 770 719 Atheniensibus
796 654 898 714 cudda
926 655 1080 714 admodum
1106 662 1177 712 esset
1197 653 1359 726 incendens,

133 778 296 844 mensarii
324 777 388 838 huic
415 776 581 836 narrationi
606 776 692 853 fidon
714 777 855 854 deneyore
877 777 1035 845 noluerunt,
1058 791 1147 850 neque
1160 773 1293 845 fortusse
1308 791 1363 850 po-

133 907 247 960 merone
269 896 453 974 diliycntloris
474 895 695 976 inoestiyotionis
716 893 867 966 incuriosi,
889 895 948 966 scel,
971 912 1007 952 ne
1028 893 1209 953 Athenienses
1231 893 1283 952 doc
1303 911 1363 952 mor

133 1017 228 1076 iorum
249 1019 409 1093 coemptum
423 1015 478 1074 siti
493 1015 660 1075 usitandum
669 1021 816 1090 putarent,
839 1012 965 1072 iecerunt
978 1008 1021 1092 (l)
1037 1012 1235 1090 inperatorem
1250 1011 1362 1089 quiden

135 1155 156 1194 a
177 1138 289 1211 popolo
317 1137 413 1194 dotum
441 1152 501 1192 esse
521 1136 574 1192 sed
593 1152 670 1212 enm,
700 1151 781 1210 quem
803 1133 840 1191 ab
862 1135 977 1192 comesta
998 1131 1106 1191 civitate
1128 1131 1196 1190 dori
1216 1139 1361 1190 concentov

136 1271 221 1312 neum
243 1261 324 1326 esset,
354 1255 503 1325 claudum,
533 1252 664 1311 stolidum
686 1259 712 1308 et
732 1251 777 1310 rei
797 1251 913 1310 bellicae
934 1250 1109 1327 imperinm,
1133 1259 1166 1308 ot
1184 1249 1276 1327 specie
1299 1249 1362 1328 opis

11 1363 16 1369 ’
127 1373 276 1444 ferendae
299 1372 456 1450 Spartanis
482 1379 616 1431 nocerent
637 1370 831 1441 Athenienses,
862 1389 919 1447 quc
946 1369 977 1428 in
1004 1389 1037 1427 re
1058 1387 1123 1445 spes
1144 1388 1191 1428 eos
1204 1369 1359 1442 fefellerit.

134 1491 212 1549 Hinc
233 1491 301 1549 miti
321 1491 452 1568 videntur
466 1490 591 1562 fabulae
612 1492 647 1550 de
672 1490 793 1566 Qrtaeo
807 1488 940 1566 fluxisse,
962 1507 1031 1548 nors
1052 1487 1200 1548 sireoerc
1225 1487 1363 1566 lyncem

135 1627 199 1667 enm
221 1607 252 1666 in
273 1609 421 1686 republica
441 1609 529 1668 tenuit
548 1612 655 1681 locum,
685 1627 766 1686 qoem
787 1607 818 1666 in
839 1606 1034 1683 superioribus
1055 1606 1083 1665 ci
1101 1606 1280 1666 tribuendum
1302 1625 1362 1666 esse

134 1729 331 1788 demonstrare
359 1737 476 1788 conclus
503 1748 581 1801 mm,
616 1736 715 1804 sponte
742 1725 884 1805 sequetur,
912 1743 977 1784 enm
1002 1724 1190 1803 olimiqennm
1217 1744 1276 1785 esse
1304 1745 1363 1786 non

131 1846 272 1921 potuisse,
302 1867 388 1921 quom
410 1847 553 1924 Spartani
578 1847 717 1922 hospitum
746 1844 811 1903 odio
833 1843 1030 1920 praescieris
1056 1840 1177 1904 Graecis
1190 1845 1361 1922 flayrcnten

83 1939 86 1944 r
138 1965 283 2022 advenam
298 1964 477 2024 torninemin
498 1984 637 2024 summurn
658 1963 797 2022 tonorum
818 1964 941 2041 madum
960 1981 1019 2020 non
1034 1963 1203 2038 provectiori
1214 1963 1366 2035 sonunt!

140 2086 240 2158 Unius
284 2093 497 2180 narrationis
532 2113 597 2176 qus
638 2093 793 2178 Tyrtaeus
832 2091 1035 2158 Atheniensis
1080 2091 1177 2158 tuisse
1223 2093 1363 2158 truditur

137 2215 249 2276 ntrum
273 2211 386 2278 Cimon
416 2216 529 2277 auctor
556 2211 653 2277 tuerit
674 2233 716 2277 un
738 2212 819 2278 elius
841 2213 927 2296 quis,
950 2209 1095 2292 equidem
1117 2211 1289 2276 diiudicare
1310 2231 1364 2277 ne·

139 2351 231 2413 queo.
275 2330 313 2396 Id
335 2351 410 2396 vero
432 2330 518 2396 inter
539 2350 648 2396 omnes
670 2335 800 2398 constat
819 2331 1028 2398 Athenienses
1051 2335 1267 2415 questumque
1293 2330 1362 2396 leu-

138 2448 262 2514 debilis
290 2454 396 2514 essent
430 2469 469 2513 es
495 2449 557 2514 sibi
584 2449 663 2532 ipsis
685 2449 826 2518 tribuere
848 2473 1025 2518 consuesse.
1069 2450 1183 2532 Itaque
1204 2449 1362 2515 Bernher·

141 2565 195 2630 dio
218 2567 339 2650 optimo
361 2568 431 2632 iure
445 2566 648 2632 Thierechius
670 2568 726 2651 qui
754 2568 795 2635 eb
820 2569 933 2634 Atticis
960 2573 1169 2652 „paneyynsos
1195 2583 1220 2632 et
1245 2575 1363 2634 rhetori-

141 2689 207 2750 bus*
227 2687 376 2752 inventus
398 2707 466 2754 esse
487 2688 566 2752 istss
589 2688 627 2752 de
650 2687 788 2772 Tyrtaeo
807 2689 935 2755 fabulas
956 2690 1154 2756 demonstret
1173 2689 1363 2755 inanitatem

140 2803 282 2888 vulgaris
304 2805 343 2871 de
365 2811 461 2890 poeta
482 2805 585 2876 lemae
607 2810 770 2894 aperuisse
791 2807 926 2875 videtur.
938 2808 967 2894 ¹)

226 2939 276 3003 Ex
296 2939 346 3045 his
370 2962 452 3023 ques
473 2942 620 3029 deinceps
643 2945 848 3031 exposuimus
872 2946 951 3010 sutis
974 2947 1111 3029 apparet
1133 2942 1161 3007 si
1183 2942 1260 3028 quid
1271 2941 1361 3009 video
1413 2959 1422 2973 ·

142 3078 208 3122 non
230 3057 337 3122 omniu
360 3079 379 3122 a
401 3060 562 3127 Pausania
584 3063 623 3128 de
638 3063 777 3148 Tyrteeo
799 3064 902 3128 relate
924 3083 992 3128 esse
1013 3061 1191 3146 probanda,
1213 3061 1292 3126 haee
1313 3066 1363 3126 ts-

140 3197 214 3242 men
235 3176 299 3242 duo
322 3179 434 3246 esteris
457 3181 601 3247 deductis
623 3187 778 3265 tanquam
799 3201 906 3248 rerum
929 3199 1085 3247 summam
1107 3179 1250 3264 prodire:

282 3314 308 3379 I.
331 3313 428 3381 fuisse
451 3315 625 3400 Tyrtaeum
646 3323 784 3401 poetam,
1304 3383 1308 3390 .

273 3431 315 3498 Π.
336 3455 408 3498 enm
437 3433 529 3501 bellis
557 3435 764 3503 Messeniaois'
791 3437 878 3522 apud
905 3433 1170 3502 Lacedaemonios
1206 3435 1365 3521 stipendia

332 3573 493 3622 meru1sse.
1357 3565 1360 3570 “

228 3701 276 3768 Ne
297 3705 370 3787 quis
392 3709 500 3772 sutem
521 3728 571 3774 me
593 3715 718 3776 accuset
743 3707 890 3774 omnibus
911 3708 946 3773 iu
967 3708 1017 3774 his
1038 3707 1133 3773 rebus
1153 3707 1363 3774 ‹iiindicandis

145 3819 273 3886 omnino
296 3821 421 3889 facilins
443 3846 511 3892 esse
532 3827 639 3894 videre
657 3828 734 3912 quid
755 3827 872 3895 falsum
894 3847 990 3912 quam
1010 3826 1152 3896 invenire
1165 3811 1241 3911 quid
1254 3847 1364 3894 verum

145 3937 203 4002 sit:
232 3961 317 4006 nuno
345 3963 427 4028 qnae
455 3944 552 4012 fiuerit
578 3947 686 4030 patrie
713 3946 943 4031 exquirendum
970 3949 1028 4014 est.
1072 3946 1118 4010 Ac
1145 3966 1256 4014 revere
1277 3951 1363 4030 sunt,

230 4161 254 4231 ι)
270 4159 369 4218 nemu.
386 4161 403 4216 1.
422 4177 446 4216 c.
457 4177 524 4232 sag.
543 4165 607 4218 sss:
630 4163 794 4235 „neonem
817 4165 936 4219 nieme
957 4143 1088 4216 setene
1107 4165 1199 4234 oense
1215 4165 1259 4220 ee
1274 4167 1365 4222 nnec

146 4241 301 4316 Niclttiqlceil
317 4247 363 4300 der
386 4247 554 4319 anycrscqe
572 4251 651 4304 deren
671 4251 757 4318 Qnede
774 4251 816 4304 die
836 4251 1014 4318 Poneyyrilcer
1032 4251 1128 4303 Attene
1146 4251 1243 4307 seien.“
