2990 4594
679 241 717 304 21

15 463 17 504 ι
82 444 195 542 patria
226 442 415 514 sententiae
441 445 674 509 conmutaneos
700 438 823 508 reddat.
867 435 960 516 Quod
987 441 1025 502 nt
1045 435 1104 502 liat
1123 435 1267 502 Platonis
1287 439 1322 500 at

15 585 17 624 t
82 563 253 632 Plutarchi
284 563 483 630 auctoritate
509 560 599 628 nisus
619 559 693 628 illos
713 579 825 626 rursus
845 557 1158 640 itaintorpretatur,
1177 558 1216 618 ut
1236 553 1322 620 dicat

15 711 16 738 1
82 684 317 752 Atheniensem
349 679 478 764 quidem
499 677 597 746 iuuisse
619 677 794 763 Tyrtaeum
815 674 872 742 aad
892 674 1008 742 civium
1030 673 1266 758 Spartanorum
1284 673 1320 738 in

15 829 17 858 r
83 823 260 870 numerum
283 800 431 879 ascitum.
444 798 474 881 ¹)
517 798 561 862 lt
582 796 672 864 nulla
692 796 766 864 huic
786 793 954 864 Plutarchi
971 793 1042 862 loco
1064 791 1142 858 fides
1168 790 1247 858 mihi
1273 791 1319 856 vi·

15 950 16 963 ¹
83 921 181 990 detur
211 907 366 1004 habenda
391 937 460 984 esse
487 915 565 999 quia
591 920 663 982 tota
678 915 748 982 illa
773 913 920 982 narratio
944 911 1078 978 nimium
1103 931 1179 996 prae
1201 931 1235 976 se
1255 908 1320 976 lert

15 1077 16 1082 κ
86 1039 231 1124 speciem
259 1035 405 1104 fabellae.
450 1035 527 1100 Plus
554 1034 641 1100 valet
667 1033 747 1100 illud
769 1031 925 1100 Platonis.
970 1031 1033 1098 Sed
1059 1052 1099 1097 ne
1120 1031 1172 1098 hio
1193 1029 1321 1115 quidam

90 1156 242 1226 hocloco
263 1154 341 1222 mihi
362 1159 411 1220 est
432 1157 554 1237 auctor,
576 1174 649 1220 eum
669 1174 709 1219 aa
728 1155 835 1218 aetate
855 1150 953 1218 luerit
973 1170 1039 1235 qua
1059 1147 1321 1216 narratiunculae

34 1355 35 1360 ἵ
89 1277 130 1342 de
153 1274 287 1360 Tyrtaei
313 1273 381 1342 rita
407 1293 502 1340 verae
529 1278 562 1338 et
589 1271 690 1338 falsae
718 1273 794 1338 iam'
807 1275 916 1337 essent
942 1269 1132 1338 commixtae
1162 1267 1320 1351 requeis

89 1395 190 1466 filerit
212 1392 305 1460 cuius
325 1391 387 1460 lrao
407 1391 443 1456 in
463 1411 500 1455 re
521 1391 692 1458 interesset
712 1411 789 1458 vera
810 1410 831 1456 a
851 1388 942 1456 falsis
962 1387 1151 1454 disoemma.
1194 1385 1254 1452 Sed
1280 1405 1320 1450 ne

92 1513 213 1596 longus
235 1511 307 1592 sim,
329 1508 439 1578 omnia
460 1509 646 1576 omittamus
667 1530 750 1592 quae
770 1508 987 1576 contradicere
1000 1527 1186 1593 possumus3
1208 1505 1320 1572 affau-

91 1649 165 1698 mus
193 1651 234 1696 ea
261 1633 390 1698 tantm
416 1634 608 1711 argumenta
635 1628 752 1713 quibus
781 1627 911 1695 omnino
932 1627 1077 1696 Platonis
1098 1625 1178 1694 illud
1199 1625 1320 1692 dictum

88 1747 262 1818 refutatur.
306 1747 390 1814 Nam
417 1746 527 1814 obstat
548 1749 701 1831 maxime,
724 1747 811 1832 quod
833 1747 921 1832 apud
941 1745 1207 1814 hcadaemonios
1228 1765 1318 1830 pers·

92 1867 225 1950 grinon
255 1867 290 1930 in
320 1866 482 1934 civitatem
510 1868 624 1935 asoisoi
651 1866 777 1952 legibus
809 1866 943 1934 vetitum
975 1871 1061 1947 erat,
1094 1864 1247 1949 quoniam
1280 1881 1320 1928 aa

93 1983 339 2070 spartiatarum
382 1987 514 2050 tantum
558 1984 693 2068 patebat
731 1984 860 2052 milibus
899 2005 1022 2052 norem.
1075 1982 1182 2062 Quare
1217 1983 1318 2048 inors-

91 2101 193 2172 dibile
224 2105 275 2168 est
306 2099 490 2184 Spartiatae
525 2101 726 2187 peragrinum
752 2105 948 2190 eundemque
978 2101 1138 2168 hominem
1163 2102 1316 2183 Ionicum,

90 2228 130 2290 ut
155 2204 228 2288 tum
254 2225 404 2304 tempora
425 2224 518 2286 aaut
540 2219 757 2305 Spartanique
776 2244 897 2308 mores,
919 2220 1137 2288 inuisitatem
1159 2219 1319 2286 ascivisse.

93 2341 233 2410 Omnino
249 2343 369 2410 autem
396 2338 511 2422 quanti
533 2338 687 2408 Graecias
713 2347 823 2430 gentes
850 2341 993 2410 nondum
1026 2344 1138 2427 erepta
1167 2337 1319 2404 libertato

91 2461 254 2528 dritamm
286 2458 528 2526 aestimaverint
562 2479 724 2544 quamque
755 2463 847 2548 parci
879 2462 1000 2530 fuerint
1033 2461 1067 2526 in
1094 2479 1133 2526 aa
1152 2457 1320 2543 largienda

95 2576 207 2642 moltis
234 2577 386 2661 exemplis
413 2576 629 2646 demonstrari
657 2585 775 2665 potest.
819 2580 916 2647 Cuius
949 2581 996 2646 rei
1028 2583 1128 2645 testes
1160 2576 1319 2645 Corinthii

94 2700 226 2764 exstant
247 2695 302 2779 qni
324 2717 396 2762 cum
417 2716 487 2762 eam
515 2695 670 2764 offerrent
689 2700 872 2766 Alexandro
893 2699 1011 2786 Magno
1033 2699 1109 2765 doni
1129 2698 1319 2764 tenuitatem

93 2814 215 2880 ridenti
240 2815 369 2898 gloriati
396 2835 466 2880 esse
486 2815 637 2882 dicuntur
659 2838 693 2884 se
714 2839 881 2902 nunquam
902 2819 962 2886 hoc
982 2819 1112 2886 honoro
1125 2836 1318 2901 quemquam

95 2932 229 3015 dignum
255 2931 404 2998 habuisse
425 2933 488 3000 nisi
507 2935 615 3018 ipsum
636 2941 670 3002 et
690 2936 911 3022 Herculem.’)
952 2937 1042 3006 Idem
1062 2937 1102 3002 de
1123 2933 1317 3020 Megarensi-

93 3051 155 3142 bus
177 3055 292 3116 narrat
311 3053 513 3118 Plutarchus.
527 3054 557 3137 ³)
586 3054 835 3138 Religiosissima
856 3057 953 3122 etiarn
968 3056 1140 3139 Aeginetae
1161 3059 1193 3119 et
1208 3052 1320 3118 Oritas

92 3169 234 3236 civitatis
262 3191 340 3236 suae
368 3177 405 3238 ut
432 3173 481 3240 ita
507 3171 612 3238 <licam
642 3174 863 3259 integritatem
896 3171 1135 3255 custodiebant,
1167 3171 1201 3238 id
1233 3170 1319 3256 quod

93 3287 248 3370 exemplis
269 3289 439 3356 confirmat
459 3290 739 3376 Demosthenesl)
780 3292 1021 3358 lacedaemonii
1048 3298 1156 3360 antem
1183 3314 1319 3378 quonum

94 3408 176 3472 nota
201 3411 250 3472 est
275 3403 447 3494 ξενηλασία
468 3429 486 3474 o
507 3410 685 3494 peregrinis
707 3411 874 3480 Tisameno
897 3413 1056 3480 sacerdoti
1076 3416 1207 3510 eiusque
1225 3413 1321 3481 fratri

93 3523 226 3608 Hegias,
248 3525 345 3608 Eleis,
369 3549 435 3634 non
458 3547 516 3594 sua
538 3535 654 3614 sponte
675 3550 778 3614 neque
800 3533 887 3616 quod
908 3532 931 3599 ii
953 3538 1078 3620 egregie
1098 3535 1138 3601 da
1159 3533 1322 3620 republica

183 3747 208 3814 1)
226 3745 281 3800 cfr.
301 3747 371 3804 Plat-
389 3746 422 3802 de
439 3746 522 3816 chg.
540 3748 562 3803 1.
579 3764 606 3818 p·
625 3753 683 3806 629.
701 3752 747 3808 A.:
769 3749 909 3829 Τύρταιον
925 3750 974 3813 τὸν
991 3749 1075 3825 φύσει
1096 3752 1151 3824 μὲν
1164 3749 1323 3819 Ἀθηναῖον.

94 3829 183 3885 τῶνδε
201 3831 473 3906 [Λακεδαιμονίων]
492 3833 524 3887 δὲ
547 3839 662 3902 πολίτην
678 3833 840 3910 γενόμενον.
875 3839 946 3894 Plut.
964 3837 1161 3908 apophthegm.
1178 3837 1244 3892 Lac.
1262 3854 1323 3907 pag.
1406 3842 1408 3850 ’

96 3915 162 3968 23οε
180 3921 406 3988 Πυνθανομένου
425 3917 459 3972 δέ
474 3935 556 3986 τινος,
575 3917 622 3972 διὰ
639 3925 666 3972 τί
676 3926 815 3995 Τυρταῖον
831 3921 880 3980 τὸν
896 3922 1011 3993 ποιητὴν
1022 3920 1188 3992 ἐποιήσαντο
1200 3928 1324 3992 πολίτην,

91 4002 195 4070 Ὅπως,
212 4003 277 4073 ἔφη,
294 4003 435 4076 μηδέποτε
452 4007 529 4065 ξένος
546 4010 680 4075 φαίνηται
696 4003 778 4078 ἡμῶν
794 4005 915 4082 ἡγεμών.

179 4089 207 4158 2)
225 4089 278 4144 cfr.
298 4089 391 4145 denec.
410 4090 443 4145 de
459 4089 547 4146 benef.
567 4090 600 4146 V.
621 4094 663 4146 13.

181 4173 209 4242 8)
227 4173 280 4228 cfr.
298 4173 370 4230 Plut.
388 4189 477 4244 praec.
495 4175 545 4231 oiv.
563 4175 611 4232 lx,
629 4192 690 4246 pag.
708 4181 770 4233 286.

182 4260 210 4325 4)
228 4257 282 4314 cfr.
299 4259 438 4316 Damoeta
455 4275 478 4316 c.
496 4259 629 4318 Ariston.
647 4277 708 4332 pag.
726 4265 775 4320 691
795 4264 819 4320 b
837 4267 887 4319 211
906 4278 967 4334 sqq.
