2990 4594
743 189 762 250 6

143 413 218 457 vero
243 391 468 458 Atheniensem
490 389 588 455 fuisse
609 393 772 473 putarent.
812 387 874 453 Sed
896 409 967 452 eum
989 387 1056 451 eius
1078 387 1237 472 opinionis
1259 393 1370 454 aucto·

146 532 214 575 rem
243 531 345 592 neque
374 509 442 593 ipse
471 508 618 574 attulerit
645 527 746 590 neque
776 527 834 590 ego
860 506 1001 590 reperire
1028 507 1200 590 potuerim,
1228 508 1370 592 suspicio

144 629 221 694 mihi
253 629 391 694 occurrit
412 628 589 692 Heekerum
617 625 742 690 iudiciis
770 624 809 690 de
832 623 963 708 Tyrtaei
983 624 1050 689 uita
1070 631 1212 690 veterum
1234 625 1371 710 scripto·

144 769 216 812 rum
244 751 276 812 et
298 745 408 812 Baehii
435 745 614 810 commixtis
644 744 810 827 deceptum
838 743 1035 827 opinionem,
1063 763 1145 825 quae
1165 742 1284 809 nullius
1306 742 1371 808 fuit

145 866 207 930 viri
230 865 324 946 docti,
348 865 410 930 sibi
432 864 562 928 finxisse
584 867 680 945 atque
701 859 867 927 refutasse.
897 861 971 926 Jam
993 860 1114 944 siquis
1136 860 1197 926 tuit
1218 863 1273 945 qui
1286 863 1371 928 hane

146 986 328 1069 opinionem
357 1003 468 1047 revera
494 982 668 1067 protulerit
697 985 794 1064 atque
821 979 1019 1064 argumentis
1049 979 1178 1046 firmare
1199 979 1370 1062 studuerit,

142 1125 214 1168 eum
237 1108 344 1168 utrum
369 1103 433 1166 veri
456 1101 533 1184 quid
554 1121 596 1165 an
619 1098 692 1164 falsi
713 1098 829 1163 viderit
855 1097 948 1163 facile
976 1098 1038 1162 nisi
1065 1097 1160 1163 fallor
1186 1098 1311 1164 docebit
1340 1101 1370 1164 is

146 1223 201 1304 qui
224 1226 372 1287 accurate
401 1242 470 1286 eam
499 1240 567 1285 rem
594 1217 832 1286 examinaverit.
883 1216 966 1294 Quid
996 1217 1231 1302 Schwepfinger
1258 1218 1298 1283 de
1330 1239 1370 1282 ea

15 1361 18 1368 ’
147 1361 243 1424 quam
275 1340 449 1404 tractaturi
482 1360 592 1403 sumus
628 1359 662 1402 re
698 1335 885 1419 cogitaverit
920 1335 1066 1420 equidem
1095 1336 1218 1418 neseio,
1248 1336 1303 1420 qui
1331 1341 1370 1402 ut

125 1458 216 1528 eius
238 1458 276 1524 do
298 1458 429 1546 Tyrtaei
457 1459 525 1522 rita
552 1455 809 1522 dissertationem
836 1455 1038 1540 inspicerem,
1071 1475 1202 1539 operam
1232 1455 1369 1523 multam

142 1576 284 1663 quidem,
324 1577 380 1642 sed
420 1597 538 1642 vanam
584 1573 804 1658 impenderim.
860 1573 1060 1658 Quamquam
1094 1596 1133 1638 ex
1162 1595 1201 1640 ea
1235 1595 1269 1643 ro
1302 1597 1368 1644 non

145 1695 281 1762 multum
318 1696 501 1760 detrimenti
537 1694 572 1758 in
606 1714 657 1758 me
688 1690 868 1756 redundare
901 1692 1031 1774 opinor,
1074 1713 1145 1790 qum
1185 1693 1239 1758 ille
1276 1715 1369 1782 praa·

143 1813 264 1880 stitisse
291 1835 356 1878 non
387 1813 531 1878 videatur
560 1831 642 1896 quae
674 1813 851 1874 memoratu
884 1810 982 1893 digna
1014 1794 1089 1876 sint.
1139 1811 1250 1896 Neque
1281 1813 1368 1881 enim

134 1931 181 1998 ab
202 1930 290 2012 aliis,
312 1930 398 1996 velut
420 1951 440 1994 a
461 1929 590 2013 Baohio,
612 1928 786 2010 Francki0,
815 1928 870 2012 qui
892 1929 931 1994 de
955 1929 1095 2014 Tyrtaeo
1119 1929 1367 2016 Schwepfingeri

146 2054 255 2116 aetate
284 2050 499 2134 scripserunt,
536 2049 592 2114 illa
619 2049 657 2114 de
691 2052 806 2132 poetae
832 2048 942 2132 patria
968 2049 1152 2116 dissertatio
1186 2070 1374 2117 commemo·

150 2173 245 2232 ratur
282 2190 384 2253 neque
425 2170 528 2236 altera
565 2167 705 2233 eiusdem
749 2171 842 2248 quae'
875 2172 925 2231 est
968 2167 1047 2250 „De
1080 2175 1181 2234 astute
1221 2169 1375 2254 Tyrtoei“

148 2288 233 2352 tanti
260 2290 413 2354 momenti
435 2288 574 2366 videtur,
610 2290 705 2349 uteo
728 2287 857 2348 auctore
879 2285 1017 2350 multum
1038 2285 1072 2348 in
1094 2307 1129 2350 re
1150 2286 1375 2370 investiganda

149 2427 208 2470 nos
230 2407 389 2502 proficere
416 2410 577 2489 putemus.
619 2401 755 2485 Reliqua
781 2405 903 2480 autem,
934 2424 1016 2486 quae
1042 2405 1081 2470 de
1107 2406 1231 2490 patria'
1244 2404 1376 2489 Tyrtaei

151 2528 226 2588 sunt
254 2525 340 2588 diota
367 2521 555 2602 aKlotzio,
589 2521 699 2605 Brigio
734 2521 909 2605 ceterisque
950 2525 1099 2590 omittere
1137 2524 1239 2607 malo,
1273 2545 1373 2618 quum

62 2623 65 2630 ¹
149 2641 273 2706 nullum
296 2642 436 2709 fructum
458 2662 497 2706 ex
519 2661 629 2705 eorum
652 2639 780 2722 seriptis
802 2643 909 2707 enasci
930 2643 1114 2708 existimem.

231 2761 353 2838 Quibus
369 2759 516 2826 omnibus
533 2758 709 2823 Thierschii
724 2762 884 2828 sententia
906 2764 1059 2848 opposita
1080 2767 1139 2845 est,
1163 2763 1218 2846 qui
1240 2761 1370 2830 omnino

146 2881 244 2946 fuisse
261 2880 434 2964 Tyrtaeum
456 2881 561 2962 negat.
574 2879 602 2960 ¹)
634 2877 696 2943 Sed
718 2877 872 2945 refutavit
893 2881 925 2946 id
948 2882 1013 2946 iam
1028 2880 1166 2946 Baohius
1183 2881 1238 2964 qui
1252 2880 1375 2966 fingere

148 2999 209 3064 sibi
226 2999 446 3066 Thierschium
462 3017 574 3063 causas
590 2995 705 3078 quibus
726 3017 794 3062 rem
817 3020 907 3064 suam
930 3001 1096 3067 confirmet
1117 2998 1213 3083 plane
1234 3021 1271 3064 ao
1291 2997 1374 3064 dilu-

144 3117 212 3184 cide
224 3117 365 3184 ostendit
379 3118 435 3198 ite,
452 3121 489 3181 ut
504 3136 596 3181 nemo
612 3138 651 3180 ex
665 3116 720 3180 illo
735 3120 879 3202 tempore
891 3120 976 3202 quod
987 3118 1133 3202 equidem
1145 3120 1243 3184 seiam
1257 3137 1310 3184 eas
1322 3139 1374 3184 aa·

95 3257 100 3268 ’
143 3237 312 3320 oeperit.¹)
351 3235 443 3314 Quod
464 3237 545 3304 bene
567 3242 598 3301 et
620 3240 714 3302 acute
735 3240 773 3300 ut
794 3239 958 3303 consuevit
971 3235 1189 3304 Bernhardius
1210 3236 1375 3320 professus

144 3359 193 3420 est
226 3353 370 3419 iudicans
405 3355 483 3420 haee
515 3355 691 3421 Thierschii
720 3354 818 3421 verba
849 3356 929 3420 nihil
957 3356 1114 3440 valere.³)
1165 3355 1249 3432 Quin
1276 3356 1374 3422 etiam

143 3474 212 3558 ipse
235 3471 439 3538 Thierschius
467 3475 500 3538 in
529 3477 673 3538 extrema
702 3473 927 3540 dissertatione
957 3473 1018 3539 sibi
1046 3474 1170 3540 diffisus
1200 3494 1269 3538 esse
1295 3474 1375 3538 mihi

143 3591 286 3673 ridetur,
325 3613 396 3658 oum
432 3591 520 3656 nullo
553 3596 649 3676 pacto
677 3593 822 3658 Platonis
850 3592 954 3658 locum
985 3613 1048 3678 quo
1076 3592 1174 3658 fuisse
1202 3592 1376 3676 Tyrtaeum

155 3750 358 3758 μοι’-ᾠῷ...-

236 3835 261 3898 1)
281 3829 332 3884 Ctr.
352 3830 414 3884 diss.
438 3829 470 3884 de
492 3844 579 3897 gnom.
605 3843 685 3882 earm.
709 3826 803 3883 Graec.
826 3829 854 3883 in
883 3829 965 3896 „Aet
985 3829 1090 3882 Mosae.
1110 3830 1224 3897 pedum
1243 3837 1305 3884 tom.
1324 3829 1373 3882 ΙΙΙ.

144 3916 210 3970 fasc.
228 3915 273 3970 IV.
292 3931 354 3984 pag.
373 3917 424 3970 596
441 3930 498 3982 sqq.

230 4017 256 4085 2)
275 4015 327 4070 Cir.
345 4015 426 4071 Baoh.
445 4015 463 4068 l.
481 4031 505 4070 o.
522 4031 583 4084 pag.
600 4018 635 4070 69
653 4032 711 4085 sqq.

230 4121 257 4182 3)
276 4116 327 4170 Cir.
346 4117 442 4170 Bemh.
462 4115 607 4171 Grundriss
631 4117 678 4172 der
699 4117 798 4186 grieeh.
818 4117 1044 4186 Literaturgesoh.
1070 4117 1111 4172 ed.
1130 4117 1163 4172 11.
1183 4117 1234 4172 vol.
1253 4116 1286 4172 11.
1306 4133 1333 4186 p.
1352 4117 1374 4172 1.

142 4218 204 4272 pag.
223 4204 282 4254 434.
