2990 4594
720 203 756 276 11

637 299 840 310 —1-—11

128 411 241 494 inopia
267 411 406 478 imitatis
433 413 594 478 coniuncti
620 418 729 494 crant,
761 416 888 478 constat
908 411 1091 478 testimonio
1113 407 1296 476 Aiistotelis
1318 409 1351 472 et

51 615 53 618 v
129 529 318 596 Pausaniae.
363 530 429 596 Cfr.
459 531 514 596 Ar.
544 533 613 597 Pol.
636 531 673 614 V,
704 538 736 596 7:
771 529 805 596 ἐν
831 535 904 608 ταῖς
925 523 1188 616 ἀριστοκρατίαις
1207 523 1351 612 γίνονται

131 643 164 714 αἱ
181 643 374 726 στάσεις-
398 643 476 714 ὅταν
498 645 529 715 οἱ
552 649 612 734 μὲν
634 647 784 791 ἀπορῶσι
806 648 888 733 λίαν,
910 645 942 715 οὶ
965 643 1050 713 δ”
1015 650 1188 733 cononica·
1210 643 1265 710 καὶ
1285 637 1350 728 μά-

131 883 360 970 Λακεδαίμονι
386 883 453 952 ὑπὸ
479 886 537 953 τὸν
559 887 791 976 Μεσσηνιακὸν
819 819 975 970 πάλιμον
1003 884 1100 972 δῆλον
1119 881 1159 952 δὲ
1180 882 1351 952 καὶτοῦτο

132 1003 168 1069 ε’νι
193 1007 252 1091 τῆς
276 1003 435 1092 Τυρταίου
465 1001 631 1094 ποιήσειας
654 1010 712 1094 τῆς
737 1003 936 1092 καλουμένης
957 999 1126 1090 Εὐνομίας·
1156 995 1354 1086 θλιβόμενοι

132 1117 192 1208 γάρ
218 1147 305 1201 τινες
330 1122 386 1190 διά
413 1123 470 1190 τὸν
498 1120 645 1209 πόλεμον
672 1120 781 1212 ἠξίουν
808 1117 990 1190 ἀνάδαστον
1017 1125 1129 1188 ποιεῖν
1155 1121 1213 1210 τὴν
1237 1116 1352 1207 χώραν.

131 1245 226 1309 Paua.
249 1245 302 1327 IV,
328 1250 376 1327 18,
403 1253 434 1311 1:
457 1243 512 1310 καί
533 1240 604 1310 άπὸ
624 1240 741 1310 τούτου
764 1241 911 1310 σιτοδεία
931 1241 1058 1330 ἐγένετο
1080 1239 1114 1307 ἕν
1135 1235 1273 1328 Σπάρτῃ
1296 1238 1353 1306 καί

131 1358 214 1445 άμοῦ
233 1359 443 1450 τῇσιτοάείᾳ
464 1357 589 1441 στάσις·
613 1359 650 1428 ον’
671 1361 731 1449 γάρ
752 1359 915 1451 ἠνείχοντο
937 1357 968 1430 οἱ
988 1357 1089 1448 ταύτῃ
1119 1361 1165 1444 (in
1194 1359 1353 1426 Messenia

130 1485 164 1546 et
178 1480 354 1548 Messeniae
372 1483 531 1567 confiniis)
553 1481 594 1548 τά
615 1477 764 1569 κτήματα
785 1477 911 1562 digestas
927 1481 973 1576 τά
995 1473 1239 1569 σφέτεραιάργά
1260 1470 1353 1544 εἶναι·

132 1597 186 1664 καί
208 1595 338 1677 τούτοις
363 1599 424 1685 μὲν
451 1600 494 1667 τά
520 1595 666 1688 διάφορα
692 1599 798 1667 διέλυε
822 1605 990 1688 Ίαρτσῖος.
1038 1601 1149 1684 Neque
1173 1619 1249 1664 vero
1274 1597 1354 1664 ludi-

133 1720 323 1803 magistrum
352 1721 464 1806 putari
490 1741 585 1805 posse
607 1721 780 1805 Tyrtaeum
807 1721 871 1790 duo
897 1720 975 1788 mihi
1002 1725 1079 1788 sunt
1104 1722 1249 1784 auctores
1258 1711 1278 1800 ‚⁰
1295 1715 1355 1802 Ly·

133 1857 250 1921 curgns
272 1843 304 1902 et
322 1839 431 1921 Plato,
461 1860 598 1923 quorum
620 1841 671 1906 hic
700 1841 752 1925 (de
774 1841 868 1924 legg.
896 1862 928 1926 p.
957 1841 1032 1924 629)
1063 1833 1271 1934 Τίμωνι)
1299 1832 1356 1900 τὸν

135 1949 233 2041 φύσει
256 1953 316 2037 μὲν
333 1951 527 2043 Ἀθηναῖον,
557 1959 658 2024 τῶνδε
677 1956 714 2024 δὲ
734 1955 873 2046 πολίτην
899 1952 1069 2046 γινόμενον
1090 1961 1196 2038 vocat,
1225 1953 1357 2022 alterius

135 2079 244 2139 autem
275 2075 374 2140 verba
404 2077 469 2141 iam
502 2097 601 2161 supra
632 2078 781 2162 legimus,
818 2077 903 2146 unde
935 2079 994 2144 hos
1027 2075 1154 2160 quidem
1184 2075 1357 2158 scriptores

134 2194 259 2259 neauos
280 2213 350 2259 esse
372 2195 438 2260 eius
460 2197 507 2260 rei
528 2199 756 2280 cognoscimus.
797 2198 908 2282 Neque
930 2196 1014 2261 enim
1038 2189 1182 2276 ,,χωλὸς“
1202 2189 1355 2256 vocabulo

135 2312 331 2379 subiicienda
364 2319 414 2379 est
447 2315 495 2380 vis
523 2320 591 2380 tam
619 2322 707 2382 certa
734 2339 830 2401 quam
858 2314 1060 2382 Thieischius
1088 2311 1133 2394 (a.
1161 2309 1247 2376 Mon.
1277 2313 1355 2374 tom.

72 2449 82 2464 ·
133 2431 191 2497 ΙΠ.
226 2453 299 2516 pag.
334 2433 416 2516 594)
454 2435 482 2498 ei
522 2437 655 2502 subiecit
687 2459 786 2520 quum
815 2435 915 2500 dixit:
958 2435 1030 2515 ,nto
1058 2431 1141 2516 qnod
1160 2429 1243 2513 pede
1271 2427 1357 2494 cion·

137 2552 212 2616 dnn
239 2552 399 2632 finxerant
427 2573 513 2634 enm,
542 2557 805 2622 noninooncinnc
827 2553 1198 2634 cenomannenses,
1228 2567 1288 2632 qno
1309 2547 1357 2611 in-

136 2669 259 2750 claruit,
281 2671 418 2736 relatum
439 2674 516 2740 est.“
546 2671 658 2754 Neque
677 2674 775 2738 etiam
789 2695 861 2739 cum
870 2671 1033 2738 Nitzschio
1056 2667 1229 2748 consentio,
1251 2665 1307 2749 qui
1322 2665 1374 2730 ce=

135 2786 286 2852 audaciae
308 2788 459 2870 procedit,
483 2795 520 2853 ut
541 2789 630 2874 (hist.
653 2789 747 2856 Hom.
771 2797 794 2874 1,
818 2815 850 2876 p.
876 2791 928 2874 11)
951 2790 1048 2856 dicat:
1079 2791 1153 2871 „aa
1177 2785 1358 2869 quicunqne

136 2925 217 2970 se...
241 2905 391 2972 historice
414 2909 547 2990 addixit,
570 2931 632 2976 non
655 2912 773 2978 incitus
793 2931 911 2978 mecam
936 2907 1191 2991 indnncyistnnm
1207 2904 1243 2970 tn
1257 2903 1358 2968 docto·

134 3045 202 3090 ναιι
223 3026 398 3106 ισνοιίαιαιι
420 3028 609 3108 scriptoram
630 3031 790 3114 rednyctf‘

221 3139 271 3206 Ex
292 3141 332 3206 iis
361 3163 442 3226 quae
469 3145 573 3210 adhuc
603 3139 743 3211 diximus
766 3147 821 3212 illa
842 3145 1021 3210 Pausaniae
1042 3142 1081 3208 de
1103 3142 1241 3227 Tyrtaeo
1263 3136 1360 3204 verba

104 3331 106 3334 ¹
139 3277 203 3324 non
225 3279 300 3324 vera
321 3281 390 3326 esse
412 3268 559 3346 apparet
591 3263 814 3340 Quaerendum
837 3284 921 3329 nnnc
943 3268 1001 3346 est,
1024 3285 1101 3327 num
1115 3261 1163 3327 illi
1177 3260 1360 3324 narratiun-

113 3375 228 3441 culae
259 3399 323 3460 qua
350 3379 508 3463 Tyrtaeus
543 3384 672 3449 oraculo
701 3383 854 3470 Delphice
888 3382 928 3448 ab
959 3381 1207 3447 Atheniensibus
1242 3377 1359 3442 missus

138 3515 206 3560 esse
229 3495 401 3579 Spartanis
418 3499 542 3564 'dicitur
564 3501 642 3566 fides
664 3503 707 3566 sit
727 3502 885 3568 habenda.
929 3501 1000 3578 Qua
1022 3501 1117 3568 dere
1139 3497 1216 3582 quid
1240 3497 1361 3579 liqueat

138 3613 206 3676 ut
197 3615 396 3682 mveniamus
419 3637 524 3682 meum
547 3626 597 3684 est
618 3622 825 3704 perscrutari,
848 3642 911 3705 quo
933 3617 1216 3686 modoPausanias
1230 3615 1361 3696 eiusque

138 3736 175 3794 ut
204 3733 251 3796 ita
281 3732 384 3799 dicam
413 3737 489 3802 socii
518 3738 559 3803 ad
588 3759 729 3806 errorem
749 3739 918 3806 inducti
846 3745 968 3806 ttsm
990 3737 1138 3803 -Ante
1159 3733 1267 3799 omnia
1287 3751 1361 3800 eon·

138 3887 341 3896 *mu—...-

226 3967 353 4035 1)1Ne'1n
371 3971 474 4027 inceito
491 3976 536 4045 sis,
555 3992 603 4031 cur
621 3980 820 4032 ΤΥΡΤΑΙΟΣ
834 3976 912 4032 modo
929 3969 1143 4050 περισπώμενον
1160 3967 1238 4026 modo
1253 3985 1360 4043 προπα-

140 4050 289 4124 ροξύτονον
314 4053 402 4124 legas,
426 4059 493 4116 scito
513 4065 650 4136 Τυρταῖον
673 4062 803 4132 scriptum
820 4077 880 4117 esse
902 4061 974 4130 apud
991 4073 1081 4115 omnes
1097 4064 1200 4114 veteres
1218 4059 1370 4126 scriptores

139 4145 252 4278 goegio
262 4138 375 4278 1ῗΙομαο
393 4142 469 4198 cuius
487 4161 577 4202 omncs
595 4147 669 4202 codd.
687 4153 794 4217 praeter
810 4159 893 4203 unum
902 4145 963 4202 Vat'
944 4153 1062 4206 ticenum
1072 4139 1209 4220 Τύρταιον
1226 4143 1361 4202 annena

170 4239 184 4276 r
234 4239 264 4277 ac
349 4240 448 4298 empag
466 4235 508 4286 3ι.
