2990 4594
734 197 755 258 9

218 392 270 456 Ex
299 391 350 457 his
377 389 469 474 locis,
497 413 578 474 quos
601 413 701 476 supra
723 390 1051 473 commemoravimus,
1083 396 1211 476 praeter
1232 391 1357 474 reliqua
1406 437 1414 454 .

132 510 282 576 discimus
297 511 363 574 tria
378 529 460 592 quac
481 509 523 574 ad
538 510 712 596 Tyrtaeum
733 511 911 596 pertinent:
937 508 1036 574 fuisse
1058 508 1244 592 dementem,
1268 509 1354 575 clau·

64 691 70 694 .
133 613 217 709 dum,
240 627 509 712 ludimagistrum.
540 627 627 705 Quas
649 651 701 695 res
724 629 781 714 qui
803 626 951 694 subtilius
975 626 1217 710 accuratiusque
1238 627 1356 692 exami-

133 747 258 818 naverit
285 744 390 811 facere
411 766 477 811 non
498 751 630 831 poterit,
662 749 739 832 quin
762 747 854 813 fictas
877 767 946 812 esse
966 746 1168 830 profiteatur.
1210 742 1357 826 Namque

132 863 291 946 imprimis
321 863 507 929 incredibile
534 866 663 949 quidem
692 870 740 931 cst
763 865 960 950 Spartanos,
990 864 1109 948 quippe
1136 861 1251 946 quibus
1278 859 1359 924 nihil

133 1002 277 1063 unquam
298 981 399 1064 pluris
422 1004 518 1066 quam
539 1005 628 1050 mens
651 985 784 1050 sanaim
806 1004 940 1067 corpore
963 1003 1041 1049 sano
1063 982 1175 1064 fuerit,
1198 979 1358 1045 hominem

135 1098 283 1164 omnibus
299 1106 338 1189 et
359 1102 457 1166 animi
479 1107 511 1168 et
533 1103 676 1187 corporis
699 1101 873 1168 virtutibus
896 1101 1060 1166 infirmum
1081 1098 1242 1184 excepisse
1263 1102 1360 1182 atque

135 1219 213 1284 adeo
236 1219 312 1286 belli
334 1219 446 1286 ducem
460 1221 589 1304 regibus
604 1223 683 1306 ipsis
699 1221 895 1306 posthabitis
911 1219 1030 1285 fecisse.
1065 1218 1238 1302 Tyrtaeum
1253 1219 1360 1280 autem

133 1336 278 1420 profecto
301 1337 376 1402 belli
398 1337 509 1403 ducem
531 1338 629 1404 fuisse
651 1318 779 1423 praeter
794 1337 970 1403 Diodorum
993 1337 1027 1421 (l.
1044 1335 1084 1421 c.)
1099 1338 1262 1400 testantur
1277 1355 1360 1400 com·

135 1455 246 1538 plures
269 1456 325 1520 alii
347 1456 530 1541 scriptores,
553 1462 589 1521 ut
603 1455 814 1522 Philochorus
837 1457 902 1539 (ap.
916 1453 1032 1519 Athen.
1048 1452 1132 1518 XIV.
1155 1475 1187 1536 p.
1211 1457 1280 1520 630.
1295 1451 1361 1535 F.);

136 1570 252 1635 Strabo
276 1571 381 1654 (VIII,
414 1580 448 1654 4,
474 1573 542 1656 10);
571 1573 763 1638 Plutarchus
793 1571 1041 1656 (Apophthegm.
1065 1573 1138 1636 Lao.
1165 1593 1240 1655 pag.
1269 1569 1363 1652 230);

139 1689 253 1754 Suidas
270 1690 360 1774 (tom.
384 1690 441 1755 ΠΙ.
464 1711 539 1775 pag.
563 1692 638 1776 520)
662 1692 826 1774 Lycurgus
850 1691 897 1774 (in
919 1711 965 1754 or.
988 1695 1100 1756 contra
1115 1689 1223 1754 laocr.
1245 1708 1272 1754 c.
1295 1686 1362 1772 28).

138 1809 251 1891 Neque
284 1829 359 1873 vero
388 1829 458 1873 esse
484 1810 597 1892 ignoro
626 1809 682 1892 qui
709 1808 789 1872 alias
810 1813 920 1891 partes
942 1807 971 1872 ei
992 1807 1139 1872 tribuant
1160 1806 1246 1872 velut
1267 1807 1363 1872 Paus.

139 1925 196 2007 qui
223 1925 245 1988 l.
275 1946 301 1989 o.
329 1931 443 1990 narrat
476 1927 775 1992 aLacedaemoniis
794 1926 936 2010 Delphos
964 1926 1069 1990 missis
1096 1926 1211 2010 legatis
1232 1925 1292 1990 Dei
1313 1944 1362 1988 re·

142 2063 299 2125 sponsum
322 2042 420 2108 fuisse
442 2049 480 2107 ut
501 2044 724 2110 Atheniensem
748 2046 965 2111 consiliarium
987 2045 1048 2108 sibi
1074 2048 1270 2110 arcesserent
1296 2039 1366 2126 (τὸν

134 2164 318 2246 Αθηναῖοι)
347 2155 538 2245 ἐπάγεσθαι
571 2157 777 2246 σύμβουλον).
828 2163 908 2228 Tum
931 2163 1104 2247 Tyrtaeum
1134 2184 1203 2229 esse
1230 2163 1364 2228 missum

140 2281 195 2364 qui
226 2279 261 2343 in
292 2280 414 2364 proelio
448 2281 533 2364 quod
566 2280 678 2348 fuisset
710 2282 752 2348 ad
788 2282 869 2366 Apri
909 2286 1149 2348 monumentum
1185 2302 1251 2345 non
1294 2281 1364 2364 ipsc

141 2399 282 2485 quidem¹
301 2398 433 2464 obiisset
460 2398 536 2464 belli
561 2421 709 2481 munera,
743 2400 799 2466 sed
830 2401 864 2464 in
898 2405 1041 2465 extrema
1072 2399 1138 2464 acie
1171 2399 1288 2464 milites
1323 2395 1365 2461 ad

141 2517 351 2600 pugnandum
376 2517 553 2583 incitasset.
609 2517 697 2594 Quae
724 2520 788 2583 sive
815 2540 890 2583 uera
918 2524 993 2583 sunt
1020 2519 1085 2584 sivo
1112 2518 1209 2600 falsa,
1237 2516 1272 2581 id
1299 2536 1365 2581 ocr-

143 2639 214 2700 tum
247 2640 296 2699 est
327 2635 487 2700 hominem
520 2636 667 2702 claudum
701 2643 733 2702 et
764 2638 942 2702 dementem
974 2638 1016 2702 ad
1046 2636 1366 2703 Lacedaemoniorum

142 2754 266 2818 animos
294 2754 459 2838 erigendos
489 2754 569 2818 nihil
588 2754 740 2820 ualuisse.
787 2755 849 2820 Sed
874 2757 950 2838 quid
984 2756 1106 2822 multa?
1156 2755 1247 2818 Hanc
1282 2752 1367 2817 enim

142 2893 211 2937 rem
232 2871 329 2955 plane
349 2870 527 2937 fabulosam
547 2893 624 2954 esse,
647 2894 739 2938 nemo
760 2875 899 2958 negabit,
923 2896 987 2960 qua
1006 2875 1045 2940 de
1064 2893 1161 2939 causa
1181 2873 1246 2936 iam
1267 2869 1367 2936 Muel-

143 2991 229 3056 lerus
252 2991 287 3053 in
307 2990 389 3055 libro
413 2990 451 3055 de
472 2991 549 3056 Dor.
572 2981 751 3056 Pausaniae
772 2992 827 3056 illa
853 2995 887 3058 in
918 2993 1100 3060 fabularum
1127 3012 1206 3074 quas
1234 2991 1366 3055 dicimus

142 3109 393 3174 Romanensium
433 3129 566 3174 numero
608 3131 676 3174 esse
720 3110 887 3176 referenda
924 3111 1084 3176 iudicavit.
1097 3110 1124 3196 ¹)
1180 3110 1294 3174 Restat
1329 3114 1367 3172 ut

144 3247 352 3310 quaeramus,
387 3247 443 3292 our
462 3229 639 3294 Pausanias
666 3229 838 3314 Tyrtaeum
867 3230 1065 3314 perhibuerit
1098 3228 1366 3312 ludimagistrum.

147 3344 229 3422 Quid
251 3351 358 3410 autem
379 3348 446 3412 veri
467 3347 578 3412 falsive
599 3347 634 3411 in
656 3347 717 3412 hac
738 3349 924 3414 narratione
945 3349 1054 3430 lateat,
1077 3348 1150 3414 iude
1170 3349 1236 3412 iam
1257 3345 1367 3428 elucet,

146 3468 229 3548 quod
252 3463 408 3548 Tyrtaeus
432 3487 474 3544 ,eo
500 3471 644 3551 tempore
670 3467 767 3533 fuisse
795 3469 911 3533 dicitur
940 3489 1003 3552 quo
1033 3468 1144 3532 literae
1165 3488 1230 3532 non
1253 3468 1367 3545 essent,

145 3581 261 3646 nedum
289 3581 456 3666 florerent,
484 3585 531 3649 ita
558 3591 594 3651 ut
621 3607 730 3651 eorum
759 3587 839 3650 nihil
866 3592 923 3651 aut
944 3586 1023 3651 disci
1044 3590 1100 3650 aut
1122 3585 1228 3649 doceri
1248 3587 1373 3667 posset.¹

147 3699 250 3776 Quam
287 3699 328 3765 ob
362 3723 430 3766 rem
458 3707 524 3766 tam
552 3708 644 3768 acute
674 3725 771 3787 quam
797 3709 882 3770 recte
910 3703 1111 3770 Thierschius
1138 3702 1217 3765 mihi
1244 3701 1369 3765 videtur

147 3817 266 3884 dixisse
282 3817 456 3902 Tyrtaeum
478 3841 515 3886 eo
537 3826 680 3906 tempore
702 3822 809 3904 fuisse,
833 3844 896 3906 quo
912 3823 1046 3888 Athenis
1068 3821 1117 3886 111
1139 3821 1201 3884 duo
1214 3820 1368 3886 uelnemo

233 4074 258 4140 1)
278 4071 331 4126 Ofr.
350 4088 410 4140 pag.
431 4077 493 4128 141:
518 4074 629 4139 „Schera
651 4075 680 4126 ia
703 4043 791 4129 11111111
812 4077 923 4129 diodero
946 4077 1072 4130 1111111111
1093 4075 1212 4127 branchos
1235 4075 1264 4126 io
1287 4074 1369 4126 ciuem

147 4157 265 4210 anderen
283 4157 379 4223 lichit,
398 4159 437 4210 ab
453 4159 482 4210 ia
499 4157 558 4212 dem
575 4160 677 4212 Roman
694 4159 738 4212 dea
757 4161 938 4214 raamias
