2990 4594
717 246 756 308 1³

636 327 840 340 -a——a-u

124 442 237 508 macas
267 461 336 508 non
369 441 473 507 solum
506 441 679 526 scriptores
712 448 745 508 et
778 447 893 526 poetae
921 441 1101 526 effingendo
1129 443 1350 530 condiderunt,

125 561 183 626 sed
204 560 306 626 multo
329 561 432 645 magis
454 561 489 624 in
510 560 715 627 concionibus
730 566 967 626 exornaverunt
982 562 1192 640 Athenienses
1207 570 1351 632 oratores

124 684 158 744 et
181 681 345 764 sophistae
366 680 422 763 qui
443 685 588 764 tempore
607 679 685 746 belli
700 680 970 764 Peloponnesiaci,
992 686 1030 746 ut
1051 683 1175 751 animos
1197 682 1258 748 sibi
1276 705 1351 768 pro·

125 819 243 882 pensos
264 799 414 884 fenerent,
437 800 573 885 gloriam
587 799 746 864 maiorum
761 777 912 866 extollere
927 799 1109 885 studebant,
1131 801 1216 866 unde
1230 801 1352 870 iactum

125 923 193 1000 est,
225 923 264 981 ut
296 923 473 984 ceterarum
500 919 643 1002 gentium
670 917 865 984 Graecarum
892 918 932 984 de
957 917 1106 984 laudibus
1135 919 1352 990 detraherent.

125 1035 178 1100 Ex
206 1036 257 1100 his
280 1041 386 1102 autem
407 1032 649 1102 Atheniensium
671 1038 889 1122 sophistarum
911 1036 1025 1104 studiis
1053 1037 1211 1120 quasdam
1232 1039 1352 1106 Pausa·

125 1154 201 1220 niae
227 1156 447 1240 sociorumque
461 1158 542 1222 eius
563 1158 766 1222 narrationes
788 1154 949 1240 profeetas
971 1177 1039 1222 esse
1060 1154 1209 1222 facillime
1229 1158 1353 1226 intelle·

125 1274 215 1358 gitur
237 1296 277 1340 ex
298 1278 423 1342 ratione
445 1297 483 1342 ea
498 1297 564 1360 qua
578 1275 771 1342 Themistius
785 1273 928 1343 fabulam
943 1275 1122 1359 composuit
1137 1276 1235 1343 hane:
1258 1270 1351 1364 ᾔδε-

48 1427 49 1430 “
124 1413 201 1460 σαν
226 1393 298 1482 γὰρ
325 1390 396 1462 ἅτε
425 1393 549 1483 σοφοί
577 1389 690 1473 ὄντες
711 1390 930 1480 Ἀθηναῖοι
965 1397 1053 1472 τοῖς
1085 1391 1158 1477 μὲν
1191 1390 1352 1480 σώμασι

123 1512 492 1598 Λακεδαιμονίους
519 1510 764 1602 Μεσσηνίων
797 1508 865 1594 οὐχ
897 1507 1168 1599 ἡττωμένους,
1203 1510 1352 1602 θάρσει

124 1630 169 1698 δὲ
195 1632 261 1699 καὶ
287 1631 508 1722 προθυμίᾳ
533 1629 728 1718 βελτίους
754 1630 971 1717 γενέσθαι,
993 1667 1035 1679 -
1058 1626 1286 1720 ἀναστῆσαι
1308 1633 1352 1702 δὲ

123 1746 301 1830 τούτους
322 1749 554 1841 ἕτετηχότας
575 1751 643 1820 καί
664 1749 869 1838 ἀνεγεῖραι
891 1747 1016 1816 αὐτῶν
1042 1750 1090 1817 τὰ
1116 1747 1352 1841 φρονήματα

26 1863 31 1872 ’
124 1869 191 1936 καὶ
219 1871 324 1957 πρὸς
348 1871 415 1939 τὸν
446 1869 756 1962 ἀρχαῖονιζῆλον
786 1866 1003 1956 ἀναγαγεῖν
1032 1867 1176 1949 ἱκανὸς
1202 1870 1274 1956 μὲν
1307 1863 1352 1960 ἦν

125 1987 193 2055 καί
227 1994 441 2075 Τυρταῖος,
475 1989 701 2078 ἱκανωτέρα
734 1987 778 2055 de'
811 1985 1094 2077 peiooopia.¹)
1150 1991 1223 2057 Non
1257 1991 1351 2060 aude·

128 2127 196 2172 rem
217 2106 297 2172 haee
318 2107 485 2174 Themistii
505 2111 603 2176 verba
624 2111 659 2175 in
684 2131 790 2175 meum
818 2131 911 2174 usum
938 2107 1070 2190 afferre,
1099 2110 1163 2175 nisi
1191 2117 1353 2178 auctorem

126 2223 280 2292 haberem
302 2226 522 2295 Thiersehium
550 2229 653 2314 quil.
681 2249 706 2296 ε.
735 2249 809 2314 pag.
840 2233 902 2295 595
930 2227 1008 2292 haee
1034 2227 1126 2292 dieit:
1157 2229 1221 2310 „Si
1249 2236 1353 2300 aorem

129 2353 275 2414 ornatum
309 2369 399 2432 ουαυ
432 2351 573 2418 rhetores
606 2355 635 2416 et
662 2351 888 2434 γαυογγννείαε
909 2347 1041 2429 ,fabulae
1068 2349 1271 2430 addiderunt,
1301 2351 1352 2416 de·

128 2467 256 2549 hohas,
291 2475 431 2536 remanet
457 2471 612 2536 sententia
632 2468 811 2560 Attieorum
839 2465 974 2536 vanitati
994 2471 1086 2550 atque
1107 2467 1181 2532 odio
1201 2468 1237 2532 in
1252 2466 1352 2550 Sper·

128 2589 221 2649 tonos
263 2606 414 2671 οουγναο,
457 2609 565 2670 nempe
598 2588 822 2654 Atheniensem
854 2587 903 2652 vel
935 2583 1189 2668 ludimape'etrum
1223 2607 1351 2670 eumque

126 2704 301 2786 ίυείγίείαευ
340 2727 452 2788 supere
490 2709 573 2772 ieter
611 2707 754 2774 Lacones
793 2707 919 2790 eiusque
952 2706 1024 2772 belli
1052 2706 1160 2771 ducem
1192 2725 1261 2770 esse
1297 2725 1349 2772 sa·

126 2828 171 2892 tis
203 2825 384 2891 idoneum.“
441 2824 485 2888 Et
510 2824 607 2890 Baeh.
636 2824 722 2908 (pag.
751 2824 806 2908 49)
842 2825 975 2908 ,,αυοίο“
1009 2821 1128 2904 inquit,
1164 2824 1350 2904 „coutetur

128 2949 226 3010 totam
257 2964 325 3008 rem
358 2943 399 3009 ab
429 2941 676 3010 Atlieeiensihus
709 2944 757 3010 ito
792 2963 862 3010 esse
894 2945 1066 3024 τὐυτνεουε,
1100 2946 1136 3007 nt
1169 2940 1274 3005 omnio
1307 2940 1351 3006 ad

128 3082 221 3155 sumn
252 3062 389 3146 pluriam
419 3062 622 3145 vitalemque
655 3065 843 3143 spectarent,
878 3060 1020 3126 Lueoeies
1050 3063 1154 3123 autem
1191 3057 1350 3140 sapientie

129 3181 240 3248 sallem
272 3201 310 3246 oe
335 3181 509 3263 prudentio
546 3182 715 3248 deteriores
748 3179 966 3272 evaderent&
1002 3173 1086 3254 Quid
1118 3173 1216 3260 igitur
1252 3173 1350 3240 eredi-

128 3297 224 3364 bilius
258 3317 356 3380 quem
392 3319 455 3381 quo
488 3303 595 3372 essent
628 3296 787 3383 gloriandi
822 3295 928 3362 studio
968 3293 1135 3362 simulasse
1177 3293 1348 3360 Athenien-

130 3437 179 3482 ses
215 3415 345 3500 Tyrtaei
378 3417 467 3482 ouius
513 3421 596 3483 esset
636 3415 704 3481 vita
737 3414 905 3499 permultis
938 3414 1004 3479 iam
1038 3413 1157 3480 fabulis
1193 3417 1349 3481 exornata

129 3535 270 3620 patriam
302 3555 371 3600 esse
399 3534 566 3600 Athenas?
618 3534 681 3602 Sed
714 3532 853 3600 fortasse
885 3532 1046 3617 quispiam
1079 3532 1117 3598 de
1144 3534 1253 3599 Attica
1279 3531 1347 3615 qui·

129 3653 199 3720 dem
229 3652 361 3738 Tyrtaei
389 3652 511 3736 origine
538 3652 680 3718 dubitari
715 3673 781 3718 non
813 3672 908 3738 posse
940 3651 1073 3733 dixerit,
1107 3649 1148 3718 ob
1179 3649 1261 3714 illud
1285 3649 1346 3733 Ly·

129 3771 219 3856 ourgi
250 3771 469 3837 testimonium
501 3770 587 3854 quod
620 3791 719 3856 supra
749 3770 816 3836 iam
847 3769 982 3855 legimus
1016 3767 1086 3853 (cfr.
1120 3786 1195 3850 pag.
1225 3767 1268 3850 8).
1305 3803 1346 3814 -

4 3951 6 3966 ,
130 3887 280 3966 Quamvis
320 3909 359 3954 ee
392 3910 459 3956 non
491 3911 567 3955 raro
603 3891 646 3956 ad
677 3888 846 3956 veritatem
877 3887 1024 3972 proxime
1055 3883 1202 3952 aeoedere
1236 3887 1347 3970 putem

4 4003 9 4018 '
128 4027 210 4092 quae
236 4009 423 4094 aLyourgo
450 4012 639 4075 narrantur:
671 4007 876 4075 nihilominus
903 4011 1012 4074 tamen
1033 4007 1161 4071 constat
1181 4023 1254 4070 eum
1274 4021 1346 4088 per·

130 4164 331 4176 *—

142 4315 145 4322 .
215 4267 240 4331 1)
258 4262 310 4319 on.
328 4262 356 4317 h.
374 4259 399 4316 d.
416 4277 476 4330 pag.
494 4268 518 4331 6,
536 4261 583 4316 uhi
599 4269 685 4320 totum
702 4261 790 4317 loeum
807 4237 1005 4328 sumpsimus.
