2990 4594
701 194 904 286 *La—

190 391 327 458 urbihus
357 389 454 456 trisse
483 395 623 456 testatur
647 390 815 480 Strabost)
858 389 1023 455 Habemus
1050 391 1149 474 igitur
1176 391 1210 454 in
1237 391 1288 454 his
1310 391 1420 455 verbis

192 510 338 612 figuram,
356 529 437 592 quae
451 531 472 574 a
486 509 705 594 grammaticis
722 533 816 590 para
832 531 904 588 pro
926 521 1001 572 toto
1022 514 1155 574 vocatur
1169 508 1421 592 saepissimeque

190 627 275 711 apud
297 632 411 710 poetas
432 628 559 712 tegitur.
604 627 769 694 Addamus
791 626 865 694 huie
885 628 956 693 loeo
978 625 1059 710 frag.
1082 631 1173 692 tert:

313 774 479 865 Ἡμετέρῳ
500 778 644 865 βασιλῆι,
668 783 782 845 θεοῖσι
803 775 890 867 φίλην
914 773 1110 865 Θεοπόμπῳ

227 883 229 887 ⁵
362 889 398 963 dv
420 897 476 963 διὰ
499 893 675 985 Μεσσήνην
690 898 819 982 εἵλομεν
841 893 1018 987 εὐρύχορον,

319 1010 505 1104 Μεσσήνην,
529 1013 660 1105 ἀγαθὴν
682 1014 742 1101 μέν
764 1012 870 1104 α’ροῢν,
893 1011 1022 1104 ἀγαθὴν
1044 1010 1262 1102 demereatur.

186 1175 219 1235 et
241 1169 322 1256 frag,
346 1176 467 1253 quart:

385 1300 486 1390 Ἀμηέ
508 1299 606 1393 αὐτήν
628 1301 658 1369 δ’
680 1299 828 1390 ἐμάχοντ’
849 1301 943 1369 ἐννέα
962 1302 1018 1370 καὶ
1039 1300 1103 1369 δέκ’
1125 1300 1190 1390 ἔτη,

338 1421 514 1506 νωλεμέως,
538 1419 605 1489 diet
626 1421 852 1510 ταλασίφρονα
873 1423 983 1507 θυμὸν
1005 1419 1132 1504 έηοντες

389 1538 543 1629 αἰχμηταὶ
565 1541 717 1629 πατέρων
739 1538 901 1629 ἡμετέρων
924 1542 1075 1629 πατέρες.

186 1691 248 1767 Qui
278 1692 337 1756 hos
368 1696 435 1756 tres
467 1665 554 1758 locos
586 1691 751 1776 perlegens
784 1693 908 1777 integre
939 1693 1137 1774 indicaverit,
1170 1693 1198 1756 is
1223 1692 1409 1758 Doriensem

185 1807 358 1892 Tyrtaeum
389 1809 487 1874 fuisse
517 1816 602 1876 certe
631 1811 790 1878 concedet.
835 1810 920 1877 Nam
949 1813 1004 1895 qui
1025 1813 1184 1896 potuisset
1206 1832 1238 1875 se
1255 1811 1411 1876 ‘adnume-

184 1949 257 1992 rare
273 1928 530 1994 Laoedaemoniis
553 1949 690 2012 quorum
712 1929 850 1994 maiores
866 1930 983 1996 Erineo
1005 1929 1233 1996 descenderam
1249 1927 1419 2013 Spartam

184 2048 212 2111 si
233 2047 346 2111 finisset
367 2049 577 2132 peregrinus?
621 2049 673 2113 An
695 2049 723 2112 si
744 2047 859 2113 fuisset
878 2048 1083 2114 Atheniensis
1104 2049 1126 2114 i.
1156 2070 1182 2114 e.
1209 2049 1306 2112 homo
1328 2047 1412 2112 Ioni-

183 2187 256 2248 cus,
280 2164 523 2251 Theopompum
551 2167 607 2251 qui
630 2173 701 2232 erat
723 2167 860 2250 Spartae
882 2187 939 2230 rex
961 2188 1071 2232 suum
1092 2187 1199 2250 regem
1220 2187 1334 2231 vocare
1354 2187 1410 2250 po-

183 2284 321 2349 tuisset?
366 2283 469 2360 Quam
498 2286 634 2368 denique
662 2286 770 2370 inepte
791 2285 924 2350 dixisset
946 2285 1082 2350 maiores
1106 2306 1180 2350 suos
1202 2284 1410 2350 Lacedaemo·

182 2403 253 2467 nios
273 2387 474 2486 undeviginti
488 2425 547 2486 per
564 2424 665 2469 annos
679 2426 752 2470 oum
766 2401 933 2469 Messeniis
947 2403 1067 2468 bellum
1078 2404 1223 2488 gessisse,
1245 2401 1273 2466 si
1288 2401 1411 2466 advena

185 2520 316 2586 fuissetl
370 2521 458 2597 Quae
493 2523 591 2588 verba
627 2543 822 2606 quamquam
854 2522 1058 2605 apertissima
1090 2542 1129 2586 ee
1161 2521 1413 2586 luculentissima

182 2642 274 2719 sunt,
302 2643 411 2704 tamen
437 2640 644 2707 inveniuntur
675 2642 730 2725 qui
757 2662 796 2706 ea
823 2635 897 2724 pro'
912 2640 1009 2704 nullis
1039 2641 1236 2724 argumentis
1257 2639 1404 2703 habeant.

182 2757 244 2824 Sed
271 2759 355 2822 enim
384 2758 471 2823 aliud
498 2759 537 2824 iis
561 2761 617 2842 qui
638 2761 763 2826 ratione
784 2762 920 2824 utuntur
930 2758 1104 2840 ‘convenit
1134 2758 1221 2823 ah'ud
1242 2758 1344 2842 placet
1364 2754 1404 2818 iis

181 2879 236 2960 qui
263 2877 445 2982 Pausaniae
473 2878 547 2962 plus
575 2879 649 2943 fidei
676 2898 773 2961 quam
799 2877 861 2960 ipsi
888 2882 1003 2959 poetae
1033 2876 1184 2941 habeant.
1237 2875 1357 2953 Quodsi
1391 2895 1408 2939 e

181 2997 305 3078 laqueis
334 2997 451 3080 quibus
480 2997 538 3081 qui
568 2995 964 3089 Pausaniamsequuntur
985 2996 1133 3079 impliciti
1155 3000 1230 3060 sunt
1251 2993 1342 3058 nulla
1361 3014 1410 3058 re-

179 3115 256 3179 licta
285 3121 333 3180 est
361 3137 433 3200 spes
462 3137 495 3182 se
521 3115 727 3201 expediendi,
763 3114 805 3178 ad
829 3134 931 3198 nugas
959 3115 1065 3178 neseio
1099 3134 1178 3198 quas
1210 3111 1409 3194 confugiunt.

180 3231 298 3296 Dicunt
319 3234 404 3298 enim
425 3236 540 3301 verba:
1233 3225 1240 3248 ’

332 3341 419 3417 οἷσιν
439 3348 508 3435 ἅμα
532 3347 756 3439 προλιπόντες
777 3349 845 3416 κτλ.

180 3492 246 3536 non
268 3491 352 3536 esse:

266 3696 291 3761 1)
308 3693 361 3746 cn.
382 3691 470 3746 Strah
488 3691 535 3760 IX,
553 3693 578 3760 4,
599 3694 646 3745 1οι
675 3695 740 3749 Τοῖς
767 3689 799 3742 δὲ
816 3693 940 3761 Λοκροῖς
967 3695 1024 3748 τοῖς
1049 3690 1103 3758 μὲν
1128 3685 1260 3756 ἑσπερίοις
1284 3687 1409 3751 συνεχεῖς

93 3835 98 3846 ,
179 3781 251 3848 εἰσιν
269 3780 399 3843 Αἰτωλοὶ,
417 3783 472 3836 τοῖς
491 3776 522 3830 δὲ
538 3775 757 3848 Ἐπικνημιδίοις
774 3775 908 3833 Αἰνιᾶνες
926 3777 953 3826 οἱ
970 3772 1019 3842 τὴν
1039 3778 1122 3840 Οἴτην
1137 3772 1243 3841 ἔχοντες
1261 3769 1308 3820 καλ
1325 3772 1409 3838 μέσοι

180 3868 308 3935 Δωριεῖς.
337 3850 414 3915 οὗτοι
435 3861 490 3935 μὲν
512 3855 566 3916 οὖν
588 3863 659 3916 εἰσὶν
680 3862 708 3913 οἱ
725 3857 774 3928 τὴν
793 3855 965 3930 Τετράπολιν
983 3855 1150 3926 οἰκήσαντες,
1176 3853 1212 3922 ἥν
1230 3867 1319 3924 φασιν
1337 3854 1409 3910 εἶναι

178 3944 346 4018 μετρόπολιν
369 3949 424 4001 τῶν
448 3942 580 4001 ἁπάντων
598 3949 745 4016 Δωριέων·
769 3941 863 4003 πόλεις
880 3943 904 3996 δ’
923 3945 1008 4012 ἔσχον
1022 3937 1156 4012 Ἐρινεὸν,
1173 3946 1271 4006 Βοῖον,
1287 3939 1409 4006 Πίνδον,

179 4035 324 4087 Κυτίνεον.
355 4028 511 4103 ὑπέρκειται
536 4031 560 4084 δ
580 4028 596 4099 ἡ
615 4030 720 4090 Πίνδος
737 4034 787 4084 τοῦ
803 4029 934 4103 Ἐρινεοῦ·
955 4028 1095 4098 παραρρεῖ
1111 4026 1135 4078 δ
1155 4024 1241 4092 αὐτὴν
1259 4021 1410 4098 ὁμώνυμος

178 4110 303 4182 ποταμὸς
324 4107 469 4183 ἐμβάλλων
486 4116 524 4171 είς
541 4111 591 4169 τὸν
607 4109 752 4182 Κεφισσὸν
771 4110 803 4164 οὐ
822 4110 894 4164 πολὺ
912 4114 959 4176 τῆς
974 4113 1096 4167 Λιλαίας
1114 4104 1244 4163 ἄπωθεν.
1264 4136 1297 4143 —-
1316 4107 1409 4163 ἐντεῦ-

178 4201 230 4254 θεν
247 4193 395 4270 ὁρμηθεῖσι
411 4203 466 4260 τοῖς
481 4196 676 4274 Ἡρακλείδαις
693 4194 817 4270 ὑπῆρξεν
832 4193 849 4263 ἡ
868 4199 906 4254 εἰς
922 4190 1139 4261 Πελοπόννησον
1157 4188 1287 4251 κάθοδος.
