2990 4594
765 237 806 298 22

177 437 384 520 meruissent,
413 435 468 502 sed
490 434 619 502 oraculo
642 456 679 500 ac
701 435 927 520 superstitione
948 436 1087 520 permoti
1108 429 1271 500 civitatem
1294 435 1426 520 paullo

181 559 257 618 ante
278 553 434 637 proelium
456 553 643 620 Plataeense
664 553 821 638 impertiti
842 557 927 619 sunt.
940 555 968 638 ⁴)
999 555 1094 620 Patet
1115 555 1215 638 igitur
1237 575 1426 636 nunquam

179 671 361 754 Spartiatae
387 672 529 756 antiquis
556 672 755 756 temporibus
781 691 884 756 neque
917 677 1031 756 postea
1063 675 1211 756 cuiquam
1243 671 1314 738 nisi
1349 672 1425 736 illis

180 811 261 874 quos
287 791 603 858 commemoravimus
631 791 792 858 ciuitatem
813 790 1018 876 tribuisse.²)
1062 791 1133 868 Qua
1157 791 1197 856 de
1218 790 1424 858 causaMe-

182 910 290 976 ursius
312 915 350 974 ut
364 909 509 976 Platonis
532 909 613 976 illud
634 908 816 976 defenderet
836 908 884 974 ita
905 909 1051 976 coniecit:
1075 915 1221 992 „Tyrcaeo
1243 931 1424 972 concessam

183 1032 296 1110 pridem
317 1033 348 1091 in
368 1033 489 1109 speciem
506 1033 601 1106 sabee
622 1033 759 1092 civitatem
782 1033 934 1111 dolumque
953 1033 1081 1092 labdon
1103 1013 1229 1110 Spartae
1250 1034 1334 1110 quod
1356 1052 1423 1090 om·

180 1153 248 1212 aoso
277 1171 335 1212 nou
361 1151 483 1211 laubaci
503 1149 677 1231 percpi-ino,
706 1152 758 1209 sed
783 1150 850 1208 iuro
883 1159 977 1210 tamer
1005 1151 1102 1210 omnia
1136 1151 1239 1210 civium
1272 1149 1320 1210 illi
1355 1169 1420 1208 non

183 1273 253 1350 dorp
275 1272 373 1328 aad‘
417 1263 480 1330 Sed
506 1269 667 1330 taceamus
694 1263 732 1330 e'a
758 1264 797 1329 de
818 1283 854 1328 ro
875 1285 972 1347 quam
992 1263 1133 1330 refutare
1154 1284 1236 1349 opus
1258 1285 1330 1328 non
1353 1270 1418 1328 est.

266 1383 326 1448 His
353 1382 550 1468 argumentis
577 1405 659 1467 quae
688 1383 792 1450 adhuc
818 1383 1011 1469 protulimus
1037 1383 1137 1448 addas
1172 1403 1291 1465 quaeso
1329 1383 1420 1448 hanc

183 1503 351 1570 rationem.
402 1501 483 1568 Cum
510 1523 603 1569 nemo
631 1524 748 1588 negare
774 1504 878 1589 possit
907 1503 1036 1568 niutate
1063 1501 1178 1568 donari
1202 1501 1307 1566 solum
1338 1523 1416 1568 eum

184 1623 240 1705 qui
262 1621 301 1686 de
322 1619 486 1705 republica
507 1621 627 1706 optime
648 1623 810 1705 meruerit,
831 1645 898 1688 non
920 1622 976 1705 qui
997 1621 1038 1685 ad
1060 1641 1130 1685 eam
1149 1641 1337 1686 accessurus
1355 1622 1415 1686 sit:

182 1759 247 1804 non
274 1740 381 1823 potuit
410 1743 564 1824 Tyrtaeus
592 1740 721 1805 civitate
748 1745 882 1806 ornatus
910 1761 979 1806 esse
1007 1761 1044 1805 eo
1072 1745 1216 1822 tempore
1244 1759 1308 1822 quo
1337 1739 1414 1805 illos

184 1879 295 1924 versus
323 1858 452 1939 oecinit3
480 1881 556 1923 nam
585 1857 678 1924 initio
707 1858 784 1924 belli
805 1859 961 1924 seditione
979 1862 1113 1942 propter
1135 1857 1289 1922 frumenti
1309 1877 1413 1940 penu-

186 1977 268 2044 riam
290 1982 404 2043 exorta
425 1997 497 2042 eum
518 1978 550 2043 id
572 1997 700 2043 carmon
721 1976 832 2044 fecisse
853 1978 1031 2061 constat.³)
1060 1977 1166 2059 Atque
1189 1977 1216 2040 si
1238 1975 1310 2057 quis
1326 1981 1414 2043 esset

185 2097 240 2181 qui
265 2095 315 2163 vel
340 2095 420 2162 illud
448 2096 593 2162 Platonis
619 2103 768 2176 constare
803 2096 938 2162 diceret:
972 2101 1080 2160 tamen
1112 2095 1141 2160 ei
1173 2091 1411 2160 concedendum

185 2220 269 2282 esset
290 2215 444 2282 Baebium
472 2239 538 2283 non
565 2222 650 2282 recte
677 2215 796 2281 dixisse
818 2214 992 2299 Tyrtaeum
1015 2215 1050 2278 in
1072 2213 1232 2278 civitatem
1254 2213 1412 2277 Lacedae-

184 2333 365 2400 moniorum
386 2355 454 2398 esse
475 2341 648 2418 receptum.
692 2332 777 2399 Nam
798 2353 838 2397 ne
859 2337 929 2396 tum
951 2331 1078 2415 quidem
1100 2351 1199 2414 quum
1221 2331 1298 2396 civis
1324 2335 1410 2395 esset

185 2452 289 2518 factus
316 2451 453 2518 maiores
479 2473 569 2532 suos,
598 2451 717 2535 quippe
741 2451 796 2534 qui
818 2451 953 2518 fuissent
974 2436 1149 2536 peregrini,
1176 2471 1248 2514 cum
1269 2448 1409 2514 Doribus

188 2569 380 2636 confundere
401 2573 434 2634 et
455 2567 634 2634 Heraclidis
657 2570 759 2636 socios
781 2569 898 2635 addere
918 2574 1056 2654 poterat.
1169 2640 1171 2648 ,

277 2687 387 2752 Tertio
413 2688 483 2752 loco
510 2688 631 2754 accedit
658 2689 745 2773 quod
771 2689 872 2774 ipsius
900 2691 1015 2772 poetae
1041 2687 1165 2752 dicendi
1194 2687 1314 2752 ratione
1344 2703 1401 2746 nos

188 2805 243 2872 ubi
266 2807 309 2872 sit
330 2811 426 2872 natus
447 2791 623 2872 edocemur.
668 2807 854 2873 Garminum
877 2827 957 2892 quae
979 2807 1108 2890 scripsit
1129 2805 1192 2870 duo
1221 2822 1333 2888 genera
1357 2799 1401 2864 di-

189 2926 380 3011 stinguenda
409 2929 499 3008 sunt,
528 2925 669 3011 elegiaca
698 2931 732 2991 et
757 2927 975 3009 anapaestioa,
1006 2944 1143 3006 quorum
1164 2923 1222 2988 ille
1243 2921 1408 2988 Homerica

190 3049 266 3110 sunt
294 3045 472 3128 composita
500 3045 651 3126 dialecto,
677 3045 756 3112 haec
783 3045 901 3110 dorica.
945 3044 1015 3109 Hoc
1035 3043 1155 3108 factum
1177 3061 1245 3108 esse
1267 3039 1409 3122 equidem

189 3183 254 3228 non
275 3163 480 3236 indicaverim
501 3165 588 3248 quod
609 3169 722 3248 poetae
743 3163 777 3228 in
798 3161 942 3230 versibus
964 3161 1109 3247 elegiacis
1131 3161 1182 3226 usi
1197 3161 1261 3226 sint
1275 3155 1409 3222 dialecto

190 3281 297 3366 epica,
322 3281 357 3344 in
377 3283 591 3366 anapaesticis
613 3283 722 3348 dorica
744 3284 838 3368 (nam
859 3282 968 3348 obstat
989 3283 1024 3345 in
1045 3280 1135 3364 poesi
1155 3280 1254 3364 lyrica
1274 3276 1408 3342 maxime

189 3400 252 3484 legi
273 3396 444 3463 dialectum
466 3402 631 3484 aeolicum)
654 3400 709 3465 sed
730 3401 839 3483 potius
860 3401 945 3466 hanc
967 3419 1036 3464 esse
1057 3413 1186 3464 causam
1207 3417 1315 3462 ueram
1327 3394 1403 3478 quod

191 3521 288 3589 merit
308 3492 404 3586 homo
425 3518 598 3586 Doriensis.
641 3517 725 3582 Nam
748 3539 781 3584 se
794 3517 981 3584 Doriensem
1003 3518 1101 3583 firisse
1123 3515 1316 3583 carminibus
1336 3533 1402 3598 pro·

193 3645 240 3710 dit
267 3642 346 3710 adeo
369 3638 531 3724 elegiacis3
560 3637 649 3702 ouius
671 3638 717 3702 rei
739 3637 884 3721 exempla
905 3657 1008 3721 pauca
1028 3641 1156 3701 tantum
1178 3633 1320 3719 proferre
1339 3632 1407 3696 licet

111 3841 115 3848 .
194 3783 293 3848 quum
314 3759 556 3846 pauci-tantum
579 3755 671 3821 nobis
692 3755 869 3822 manserint
890 3777 1010 3822 versus.
1054 3754 1116 3820 Ofr.
1138 3754 1219 3838 frag.
1242 3759 1272 3835 2,
1295 3758 1326 3817 7:

280 3918 305 3984 1)
323 3915 377 3970 Gir.
393 3910 491 3968 Herod.
509 3909 556 3964 ΙΧ.
574 3909 683 3963 33-35.

278 4000 305 4068 2)
327 4000 379 4054 Gir.
398 3997 572 4051 Schoemaun.
597 3992 690 4048 Graec.
713 3993 812 4063 antiqu.
831 3994 852 4062 Ι,
870 3995 921 4046 277
939 4009 998 4061 sqq.
1026 3989 1119 4046 Muell.
1137 3989 1170 4043 de
1187 3989 1253 4042 Dor.
1268 3988 1304 4054 ΙΙ,
1319 3989 1335 4040 8
1350 4000 1402 4052 sqq.

194 4089 245 4142 396
262 4101 393 4238 silllSunt
410 4167 450 4222 illi
467 4183 559 4222 versus
578 4168 624 4233 τῆς
641 4164 784 4236 Εὐνομίας
801 4179 870 4232 quae
887 4163 1049 4216 inscribitur.
1077 4158 1241 4227 ¹Composuit
1258 4161 1335 4224 poeta
1354 4157 1401 4224 pri-

194 4255 245 4310 mis
262 4253 328 4309 belli
344 4253 514 4322 temporibus.
550 4252 602 4308 Cir.
621 4251 647 4306 h.
666 4251 689 4306 d.
708 4265 770 4320 pag.
787 4251 805 4303 8
822 4254 849 4303 et
865 4251 889 4302 9.
