2990 4594
255 1482 347 1586 Cum
375 1515 413 1580 de
442 1513 574 1598 Tyrtaei
593 1513 667 1578 -vita
693 1513 742 1577 ita
770 1512 941 1595 disserere,
974 1517 1012 1578 ιιι
1039 1509 1182 1596 singulas
1210 1529 1292 1593 quae
1319 1507 1362 1576 ad

133 1655 205 1700 eam
226 1633 410 1719 pertineant
431 1651 483 1696 res
506 1631 607 1715 plane.
623 1634 809 1715 perspectas
828 1629 1013 1713 habeamus,
1035 1651 1101 1696 non
1116 1629 1208 1696 facile
1223 1627 1275 1710 sit,
1291 1631 1362 1694 tum

133 1752 174 1817 de
200 1753 309 1837 patria
337 1751 415 1816 eius.
431 1749 534 1815 multa
562 1769 644 1832 quae
671 1747 764 1814 nobis
787 1753 863 1814 sunt
884 1749 1006 1814 tradita
1026 1752 1095 1814 tam
1117 1747 1253 1814 obscura
1275 1752 1360 1830 sunt,

134 1876 173 1934 ut
196 1873 224 1935 si
245 1871 317 1953 quis
341 1874 398 1933 aut
420 1889 486 1932 non
507 1867 613 1932 videat
635 1887 673 1931 ea
694 1866 849 1951 pleraque
869 1886 938 1933 esse
960 1868 1036 1933 ficta
1057 1872 1115 1932 aut
1137 1867 1259 1932 nesciat
1285 1885 1362 1931 vera

136 2009 157 2052 a
178 1987 268 2052 falsis
291 1989 485 2067 discernere,
511 1985 690 2050 necessario
713 1978 850 2068 accidat,
878 1990 916 2052 ιιι
937 1985 987 2052 vel
1008 1986 1072 2050 alia
1093 1985 1143 2051 vel
1164 1985 1261 2051 etiam
1288 2005 1360 2068 per·

24 2129 29 2134 ·
135 2125 229 2170 versa
258 2105 297 2170 de
328 2103 438 2189 patria
464 2104 531 2168 eius
559 2123 619 2187 pro
651 2105 733 2169 veris
762 2104 891 2170 habeat.
935 2105 1009 2170 Jam
1035 2109 1157 2170 veteres
1186 2103 1360 2187 scriptores

133 2226 219 2290 inter
241 2225 344 2290 scita
366 2223 594 2305 dissenserunt,
616 2227 654 2288 ut
676 2221 731 2287 alii
752 2221 979 2288 Atheniensem
1000 2223 1056 2288 alii
1076 2220 1361 2288 Lacedaemonium

135 2341 308 2428 Tyrtaeum
337 2341 477 2407 dicerent
504 2342 559 2406 alii
585 2341 809 2427 Aphidnaeum
836 2342 891 2407 alii
918 2341 1087 2409 Milesium.
1137 2341 1206 2420 Quo
1240 2338 1361 2406 factum

133 2466 198 2542 est,
226 2467 264 2525 ut
290 2465 404 2526 nostra
426 2451 553 2544 qnoque
574 2465 681 2526 aetate
703 2461 765 2525 viri
786 2461 872 2527 docti
893 2463 978 2528 inter
1000 2483 1034 2527 se
1055 2461 1236 2546 discrepent
1258 2464 1290 2524 et
1311 2459 1359 2523 in·

135 2577 215 2643 certi
237 2579 312 2661 sint,
334 2579 423 2643 ouius
445 2578 498 2643 ille
520 2579 624 2663 gentis
646 2578 743 2644 fuerit
764 2579 882 2663 ubique
905 2581 947 2645 sit
968 2587 1074 2647 natus.
1118 2579 1202 2645 Nam
1222 2577 1359 2644 Bachius

135 2695 308 2780 Tyrtaeum
330 2699 417 2782 genti
438 2699 562 2764 Ionicae
585 2699 796 2764 adnumerare
818 2699 934 2781 studet,
956 2721 1028 2766 oum
1042 2698 1200 2784 Aphidnis
1221 2719 1303 2780 eum,
1324 2700 1359 2762 in

133 2835 217 2899 pago
245 2816 383 2897 quodam
405 2839 507 2902 prope
528 2815 671 2882 Athenas
693 2818 770 2900 sito,
800 2821 913 2883 natum
935 2823 1110 2903 posteaque
1132 2817 1358 2882 Atheniensem

133 2932 254 2998 factum
271 2953 339 2998 esse
357 2934 486 3020 dicat.¹)
522 2935 614 3002 Hanc
632 2936 824 3002 sententiam
847 2943 1026 3020 sequuntur
1042 2937 1196 3022 plerique.
1228 2935 1359 3001 Accedit

133 3049 266 3134 Hecker,
291 3053 400 3134 quiin
422 3054 558 3138 epistola
579 3055 689 3120 critica
710 3076 808 3137 quam
829 3056 871 3120 ad
894 3049 1157 3122 Schneidevinurn
1178 3055 1264 3120 misit
1285 3075 1357 3139 per·

133 3170 280 3252 quirens,
308 3169 422 3253 quibus
449 3173 598 3256 partibus
621 3171 779 3258 Tyrtaeus
808 3195 886 3239 usus
914 3175 957 3238 sit
986 3175 1138 3259 Spartae,
1165 3195 1232 3239 non
1259 3173 1358 3240 fuisse

134 3307 205 3351 eum
226 3287 453 3355 Atheniensem
481 3291 573 3373 dieit;
602 3311 655 3356 eos
681 3291 765 3356 enim
791 3293 894 3375 magis
917 3292 959 3356 ad
980 3315 1089 3359 verum
1111 3294 1273 3379 accedere,
1302 3293 1358 3378 qui

134 3426 204 3470 eum
227 3407 337 3491 stirpis
352 3409 487 3475 Doricae
509 3431 577 3475 esse
598 3409 831 3496 existiment,²)
862 3409 959 3477 Cuius
975 3415 1152 3481 sententiae
1167 3419 1357 3499 argumenta

133 3545 189 3588 nec
207 3527 314 3590 omnia
336 3548 419 3610 quae
439 3527 578 3612 proferri
599 3535 736 3613 possunt
758 3529 869 3594 attulit
890 3553 948 3597 nec
970 3553 1051 3615 quae
1073 3534 1184 3598 attulit
1205 3535 1284 3599 satis
1304 3555 1355 3600 ac·

9 3711 12 3716 ,
133 3647 241 3706 curate
268 3646 426 3727 exposuit.
470 3647 580 3730 Neque
607 3668 682 3714 vero
709 3669 760 3714 me
789 3649 886 3734 fugit,
913 3650 1093 3716 Heckerum
1115 3652 1355 3735 reprehendisse

134 3761 314 3844 opinionem
345 3785 457 3828 eorum
493 3766 548 3848 qui
576 3767 748 3852 Tyrtaeum
772 3773 851 3833 natu
873 3745 1001 3852 quidem
1024 3769 1237 3854 Spartanum,
1260 3776 1354 3855 gente

218 4032 243 4100 1)
267 4031 319 4088 Cfr.
338 4033 421 4088 Bach.
446 4035 485 4090 ed.
504 4035 577 4106 Tyri.
597 4053 656 4106 pag.
674 4041 708 4094 46
724 4038 824 4108 praei:
848 4038 952 4108 „habes
974 4039 1056 4107 igitur
1078 4037 1223 4108 Tyrtaeum
1244 4042 1353 4111 proprie

133 4115 238 4184 quidem
248 4116 449 4188 Aphidnaeum,
467 4121 514 4176 sed
532 4122 644 4177 eundem
655 4123 774 4179 Platonis
793 4123 888 4179 saltem
907 4130 1026 4193 ternpore
1044 4125 1124 4180 etiam
1136 4125 1352 4182 Atheniensem.“

216 4221 243 4288 a)
262 4218 313 4276 cfr.
332 4219 429 4276 Ριιιοι
447 4236 471 4277 a.
490 4224 641 4288 uncoon.
659 4241 720 4295 pag.
740 4229 789 4282 ιιι
809 4241 865 4296 sqq.
884 4207 932 4281 ιιι
948 4227 996 4281 ιιι
1014 4227 1129 4296 epistola
1145 4214 1248 4297 legitur.

300 4321 305 4326 .
363 4329 367 4335 ,
1146 4330 1182 4384 l,
