2990 4594
692 211 731 270 17

599 291 802 300 —a———a—

86 405 184 496 λόμος
203 410 276 484 τοῖς
296 404 410 490 μέλεσι
428 400 628 492 χρησόμενον
650 399 851 492 παροτρόναι
865 398 1157 488 Λακεδαιμονίους,
1176 401 1232 472 καί
1245 426 1312 472 πα-

85 529 266 612 λεμοῢντας
284 521 489 612 Μεσσηνίοις
508 518 608 610 ταύτῃ
628 521 921 612 ἐπικρατεστέρους
939 526 1080 610 ποιῆσαι
1101 517 1312 610 ...Ἔγρα-

87 656 136 734 ψε
158 640 330 710 πολιτείαν
344 640 635 727 Λακεδαιμονίοις,
657 641 711 708 καί
732 636 908 729 ὑποθήκας
929 637 972 706 δι’
993 637 1136 728 ἐλεγείας
1156 639 1212 708 καί
1232 641 1313 729 με’λη

91 758 344 855 πολεμιστήρια)
366 759 481 847 βιβλία
502 760 528 828 ἑ.
541 762 568 847 ¹)
597 762 719 828 Deinde
739 763 800 828 boc
820 762 890 828 loco
911 761 1079 828 edocemur
1099 761 1197 826 etiam
1217 759 1315 826 brisso

88 885 147 968 qui
179 884 356 968 Tyrtaeum
387 883 542 948 haberent
574 879 744 948 Milesium.
804 881 897 948 Hanc
935 881 1118 965 opinionem
1151 880 1315 963 Boettiger

90 1006 221 1067 secutus
255 1007 303 1068 est
338 1003 393 1086 qui
419 1002 546 1068 coniicit
581 1003 711 1086 poetam
742 999 853 1066 Mileto
883 1001 1027 1066 Athenas
1059 999 1197 1080 venisse,
1230 998 1315 1064 unde

88 1121 125 1184 in
164 1119 416 1204 Peloponnesum
453 1119 616 1205 proiectus
658 1124 751 1184 esset.
761 1119 792 1202 2)
845 1117 907 1184 Sed
939 1119 1109 1186 mirificum
1141 1117 1195 1184 ille
1226 1116 1316 1182 labo·

91 1260 162 1304 rem
183 1240 217 1303 in
237 1261 272 1305 re
292 1240 475 1326 indaganda
494 1240 602 1323 ponit,
631 1258 745 1321 quam,
767 1257 839 1303 cum
861 1242 990 1321 praeter
1006 1237 1138 1304 Suidam
1160 1237 1266 1303 nullus
1288 1237 1317 1300 ei

90 1358 211 1424 auxilio
234 1360 319 1426 adsit
340 1359 422 1425 alius
438 1362 559 1440 auctor,
581 1358 615 1422 in
637 1355 740 1422 medio
762 1353 941 1438 relinquere
961 1358 1114 1442 cogimur.

175 1478 290 1543 Restat
311 1478 420 1562 igitur,
444 1482 481 1541 ut
502 1475 590 1542 nullo
613 1475 676 1541 alio
704 1477 774 1542 loco
797 1475 980 1560 Tyrtaeum,
1001 1475 1064 1540 nisi
1084 1474 1318 1540 Lacedaemone

92 1600 206 1660 natum
239 1617 307 1661 esse
341 1596 546 1663 arbitremur.
603 1593 665 1660 Sed
697 1592 763 1660 alia
788 1615 915 1678 quoque
949 1600 1080 1678 praesto
1114 1599 1190 1660 sunt
1221 1613 1315 1688 argu-
1383 1661 1386 1666 ,

89 1719 200 1779 menta
220 1714 337 1797 quibus
358 1716 437 1781 -haec
459 1718 571 1780 nostra
598 1713 758 1778 sententia
788 1713 965 1780 adiuvetur.
1016 1713 1100 1778 Nam
1127 1714 1196 1797 ipse
1221 1716 1318 1796 poeta

93 1832 311 1914 compluribus
331 1834 409 1899 locis
423 1833 563 1917 patriam
585 1854 676 1898 suam
696 1833 814 1916 prodit.
844 1833 1021 1898 Audiamus
1041 1831 1125 1922 drag.
1147 1833 1241 1918 prim.
1268 1831 1317 1896 ed.

92 1949 206 2031 bech„
237 1951 323 2032 quod
352 1971 372 2014 a
400 1950 558 2016 Strabone
584 1951 741 2015 traditum
767 1973 860 2018 nemo
894 1952 1019 2017 exstitit
1044 1953 1111 2035 qui.
1126 1952 1160 2018 in
1186 1951 1318 2018 dubium

93 2069 270 2133 vocaverit:

247 2199 364 2282 Αότδς
384 2201 445 2290 γὰρ
466 2199 624 2290 Κρονίων,
646 2199 901 2292 καλλιστεφόνοο
924 2199 1026 2282 πόσις
1037 2199 1151 2291 Ἥρης,

296 2324 378 2404 Ζεδς
398 2319 625 2412 Ἡρακλείδαις
644 2317 740 2410 τήνδε
761 2323 881 2390 δέδοικε
903 2319 1012 2408 πόλιν,
1049 2407 1052 2414 ¹

159 2461 162 2466 ·
246 2433 332 2509 οἷσιν
354 2440 423 2528 ἅμα
444 2437 668 2530 προλιπόντες
687 2439 827 2532 Ἐρινεόν
848 2439 1025 2531 ἠνεμόεντα

298 2559 422 2650 εὐρεῖαν
443 2561 602 2639 Πέλοπος
624 2565 722 2648 νῆσον
744 2559 947 2651 ἀφικόμεθα.

20 2745 23 2752 .
92 2695 153 2761 His
184 2697 329 2764 versibus
361 2699 430 2784 ipse
462 2700 544 2766 dixit
575 2705 672 2784 poeta
704 2721 738 2766 se
771 2699 958 2766 Doriensem
990 2721 1067 2766 esse.
1121 2701 1320 2765 Adnumerat

92 2816 231 2882 maiores
259 2839 333 2884 suos
360 2818 424 2884 illis
451 2819 607 2901 Doribus‚
643 2819 699 2903 qui
726 2818 905 2884 Heraclidis
938 2819 1071 2884 ducibus
1098 2839 1138 2882 ex
1164 2822 1319 2900 quattuor

92 2932 159 2998 illis
187 2934 320 3001 urbibus
342 2937 480 3018 Derieis,
510 2959 592 3020 quae
622 2936 680 3024 τήν
704 2933 911 3022 Τετράπολιν
938 2937 1149 3003 conficiebant
1178 2941 1210 3001 et
1237 2936 1319 3000 sitae
1394 2956 1401 2968 ·

92 3057 188 3118 erant
215 3053 258 3118 ad
280 3053 392 3120 Oetam
417 3061 559 3120 montem
586 3061 619 3121 et
642 3055 830 3142 Gepbissum
856 3057 974 3122 flumen
1002 3057 1037 3120 in
1066 3055 1318 3139 Peloponnesum

92 3171 312 3260 Spartamque
326 3173 565 3242 descenderunt.
594 3173 748 3242 Erineum
770 3181 878 3240 autem
899 3197 998 3263 unam
1018 3195 1059 3240 ex
1079 3173 1143 3240 illis
1166 3179 1319 3258 quattuor

185 3375 210 3444 1)
228 3375 281 3431 Gir.
300 3377 439 3432 Thierscb.
465 3377 482 3433 l.
506 3393 529 3432 c.
553 3393 614 3446 pag.
638 3379 702 3432 592:
726 3395 799 3446 quem
821 3381 905 3433 locam
921 3380 985 3432 rear
997 3379 1182 3446 *confirmatum
1199 3398 1253 3434 ιιιι
1270 3397 1317 3447 αμ-

89 3470 168 3528 paret
189 3462 305 3527 primam
328 3479 360 3514 αα
377 3480 415 3528 eo,
434 3462 505 3530 quod
522 3463 686 3531 εαόίαιιρίιαν
702 3465 725 3516 ir
744 3467 828 3530 λοοαε,
851 3482 901 3532 quo
918 3467 1034 3534 vulparia
1052 3466 1084 3518 de
1106 3466 1216 3534 Τμτεσαα
1236 3467 1318 3532 sarna

91 3548 251 3599 continetur.-
271 3551 417 3619 Τυρταῖος.
435 3549 468 3602 Oi
484 3548 710 3620 Λακεδαιμονίοι
727 3545 842 3622 ὤμοσαν
859 3547 877 3617 ἢ
894 3547 1047 3620 Μεσσήνην
1065 3547 1189 3622 αίρήσειν
1205 3547 1223 3617 ἢ
1241 3547 1319 3602 αὐτοὶ

91 3627 283 3698 τεθνήξεσθαι.
304 3628 470 3702 Χρήσαντος
488 3633 520 3685 δὲ
538 3635 587 3686 τοῦ
605 3635 675 3686 θεοῦ
693 3632 846 3704 στρατηγὸν
863 3634 941 3710 παρὰ
954 3626 1107 3704 Ἀθηναίων
1124 3637 1227 3703 λαβεῖν,
1245 3636 1318 3705 λαμ-

90 3711 211 3782 βάνουσι
225 3721 362 3789 Τυρταῖον
379 3715 428 3773 τὸν
445 3714 560 3784 ποιητὴν
572 3714 667 3786 χωλὸν
686 3713 786 3790 ἄνδρα,
805 3714 834 3777 ὃς
853 3719 895 3774 ἐπ’
915 3718 1013 3792 ἀρετὴν
1030 3716 1128 3777 αὐτοὺς
1145 3721 1319 3790 παρακαλῶν

91 3793 146 3854 εἷλε
163 3801 201 3868 τῷ
220 3797 244 3852 κ’
262 3802 316 3855 ἔτει
332 3799 382 3870 τὴν
390 3799 554 3870 Μεσσήνην.
578 3801 677 3855 druidas
694 3805 762 3855 caim
780 3815 916 3875 ααατιραε
929 3809 1016 3858 locum
1031 3805 1175 3870 separatim
1191 3804 1220 3854 in
1237 3804 1317 3855 λιτίτο

88 3887 193 3954 poscit,
216 3885 246 3936 id
268 3888 338 3954 qaod
355 3889 433 3940 etiam
451 3887 513 3940 alibi
530 3905 588 3940 eum
604 3889 702 3955 sceiere
720 3900 820 3943 coartat
836 3921 870 3930 -
887 3901 916 3943 ut
932 3891 1063 3942 δίσκοισιν
1080 3889 1203 3942 derebus
1220 3898 1244 3940 er
1259 3905 1317 3955 per·

88 3975 176 4039 ιονιίτ,
200 3989 267 4040 quar
292 3983 478 4042 τοοκαεοισναν,
498 3974 606 4041 famam
626 3974 656 4024 ία
678 3991 754 4040 opere
776 3992 823 4028 αιο
848 3977 997 4030 ostenderet.
1032 3974 1136 4027 Deinde
1153 3989 1185 4026 ατ
1201 3991 1231 4026 το
1249 3973 1318 4043 quod

87 4075 185 4111 αοκαιο
199 4059 289 4124 patrie
312 4057 426 4126 Ίμποιί,
444 4059 513 4126 qaod
531 4077 549 4110 α
565 4061 636 4112 nullo
655 4059 706 4111 alio
723 4062 845 4130 refertur,
863 4063 1005 4114 traditur.“

96 4135 98 4140 ’
177 4143 206 4210 2)
226 4141 279 4198 Gir.
298 4141 413 4212 Boettig.
431 4143 460 4197 in
477 4143 620 4200 Wielendii
636 4144 709 4201 Mus.
727 4147 807 4202 Attio.
826 4153 896 4216 port.
914 4148 936 4201 1.
953 4161 1013 4215 pag.
1033 4149 1092 4203 336.
1110 4146 1242 4201 Tbiersch
1258 4147 1274 4200 l.
1294 4161 1317 4201 c.

87 4245 152 4300 pag.
172 4229 234 4282 584.

1095 4320 1113 4370 2
