<?xml version="1.0" encoding="UTF-8"?>
<!DOCTYPE html PUBLIC "-//W3C//DTD XHTML 1.0 Transitional//EN"
    "http://www.w3.org/TR/xhtml1/DTD/xhtml1-transitional.dtd">
<html xmlns="http://www.w3.org/1999/xhtml" xml:lang="en" lang="en">
 <head>
  <title>
</title>
<meta http-equiv="Content-Type" content="text/html;charset=utf-8" />
  <meta name='ocr-system' content='tesseract 3.04.00' />
  <meta name='ocr-capabilities' content='ocr_page ocr_carea ocr_par ocr_line ocrx_word'/>
</head>
<body>
  <div class='ocr_page' id='page_1' title='image "./detyrtaeipatria00hoelgoog_0012.png"; bbox 0 0 2990 4594; ppageno 0'>
   <div class='ocr_carea' id='block_1_1' title="bbox 753 173 772 238">
    <p class='ocr_par' dir='ltr' id='par_1_1' title="bbox 753 173 772 238">
     <span class='ocr_line' id='line_1_1' title="bbox 753 173 772 238; baseline 0 -8"><span class='ocrx_word' id='word_1_1' title='bbox 753 173 772 238; x_wconf 67' lang='grc' dir='ltr'><strong>ἲ</strong></span> 
     </span>
    </p>
   </div>
   <div class='ocr_carea' id='block_1_2' title="bbox 668 258 871 268">
    <p class='ocr_par' dir='ltr' id='par_1_2' title="bbox 668 258 871 268">
     <span class='ocr_line' id='line_1_2' title="bbox 668 258 871 268; baseline 0 0"><span class='ocrx_word' id='word_1_2' title='bbox 668 258 871 268; x_wconf 67' lang='lat' dir='ltr'>un--n-n—fl-</span> 
     </span>
    </p>
   </div>
   <div class='ocr_carea' id='block_1_3' title="bbox 49 363 1374 937">
    <p class='ocr_par' dir='ltr' id='par_1_3' title="bbox 49 363 1374 937">
     <span class='ocr_line' id='line_1_3' title="bbox 149 363 1373 462; baseline 0.002 -22"><span class='ocrx_word' id='word_1_3' title='bbox 149 371 266 458; x_wconf 80' lang='lat' dir='ltr'>legitur</span> <span class='ocrx_word' id='word_1_4' title='bbox 289 395 374 440; x_wconf 86' lang='lat' dir='ltr'>suae·</span> <span class='ocrx_word' id='word_1_5' title='bbox 386 363 570 454; x_wconf 81' lang='lat' dir='ltr'>sententiae</span> <span class='ocrx_word' id='word_1_6' title='bbox 586 376 792 441; x_wconf 88' lang='lat' dir='ltr'>accomodare</span> <span class='ocrx_word' id='word_1_7' title='bbox 812 377 964 460; x_wconf 85' lang='lat' dir='ltr'>potuerit.</span> <span class='ocrx_word' id='word_1_8' title='bbox 978 375 1007 462; x_wconf 82' lang='lat'>¹)</span> <span class='ocrx_word' id='word_1_9' title='bbox 1043 377 1128 460; x_wconf 74' lang='lat' dir='ltr'>Ergo</span> <span class='ocrx_word' id='word_1_10' title='bbox 1150 376 1228 441; x_wconf 82' lang='lat' dir='ltr'>mihi</span> <span class='ocrx_word' id='word_1_11' title='bbox 1241 377 1284 444; x_wconf 71' lang='lat' dir='ltr'>,in</span> <span class='ocrx_word' id='word_1_12' title='bbox 1304 394 1373 442; x_wconf 82' lang='lat' dir='ltr'>rem</span> 
     </span>
     <span class='ocr_line' id='line_1_4' title="bbox 148 489 1373 589; baseline 0.002 -31"><span class='ocrx_word' id='word_1_13' title='bbox 148 494 340 582; x_wconf 73' lang='lat' dir='ltr'>ingredienti</span> <span class='ocrx_word' id='word_1_14' title='bbox 370 513 485 578; x_wconf 82' lang='lat' dir='ltr'>operae</span> <span class='ocrx_word' id='word_1_15' title='bbox 514 494 654 577; x_wconf 86' lang='lat' dir='ltr'>pretium</span> <span class='ocrx_word' id='word_1_16' title='bbox 682 515 750 559; x_wconf 87' lang='lat' dir='ltr'>asse</span> <span class='ocrx_word' id='word_1_17' title='bbox 786 516 852 560; x_wconf 88' lang='lat' dir='ltr'>nou</span> <span class='ocrx_word' id='word_1_18' title='bbox 875 489 1011 589; x_wconf 17' lang='lat' dir='ltr'>*videtur</span> <span class='ocrx_word' id='word_1_19' title='bbox 1044 495 1232 588; x_wconf 69' lang='lat' dir='ltr'>diiudicare3</span> <span class='ocrx_word' id='word_1_20' title='bbox 1264 500 1373 560; x_wconf 83' lang='lat' dir='ltr'>utrum</span> 
     </span>
     <span class='ocr_line' id='line_1_5' title="bbox 148 604 1374 695; baseline 0.002 -19"><span class='ocrx_word' id='word_1_21' title='bbox 148 611 246 676; x_wconf 85' lang='lat' dir='ltr'>fuerit</span> <span class='ocrx_word' id='word_1_22' title='bbox 273 611 431 695; x_wconf 84' lang='lat' dir='ltr'>Tyrtaaus</span> <span class='ocrx_word' id='word_1_23' title='bbox 462 633 579 678; x_wconf 89' lang='lat' dir='ltr'>annon.</span> <span class='ocrx_word' id='word_1_24' title='bbox 624 613 715 692; x_wconf 83' lang='lat' dir='ltr'>Quod</span> <span class='ocrx_word' id='word_1_25' title='bbox 745 635 816 680; x_wconf 87' lang='lat' dir='ltr'>oum</span> <span class='ocrx_word' id='word_1_26' title='bbox 845 614 892 679; x_wconf 89' lang='lat' dir='ltr'>ita</span> <span class='ocrx_word' id='word_1_27' title='bbox 913 604 975 695; x_wconf 85' lang='lat' dir='ltr'>sit,</span> <span class='ocrx_word' id='word_1_28' title='bbox 1010 614 1074 678; x_wconf 86' lang='lat' dir='ltr'>iam</span> <span class='ocrx_word' id='word_1_29' title='bbox 1101 605 1166 678; x_wconf 87' lang='lat' dir='ltr'>non</span> <span class='ocrx_word' id='word_1_30' title='bbox 1194 613 1307 679; x_wconf 83' lang='lat' dir='ltr'>dubito</span> <span class='ocrx_word' id='word_1_31' title='bbox 1334 614 1374 678; x_wconf 88' lang='lat' dir='ltr'>de</span> 
     </span>
     <span class='ocr_line' id='line_1_6' title="bbox 147 730 1372 816; baseline -0.002 -20"><span class='ocrx_word' id='word_1_32' title='bbox 147 730 257 814; x_wconf 85' lang='lat' dir='ltr'>patria</span> <span class='ocrx_word' id='word_1_33' title='bbox 283 731 351 796; x_wconf 88' lang='lat' dir='ltr'>eius</span> <span class='ocrx_word' id='word_1_34' title='bbox 374 751 456 814; x_wconf 88' lang='lat' dir='ltr'>quae</span> <span class='ocrx_word' id='word_1_35' title='bbox 479 732 521 794; x_wconf 86' lang='lat' dir='ltr'>sit</span> <span class='ocrx_word' id='word_1_36' title='bbox 542 753 710 815; x_wconf 85' lang='lat' dir='ltr'>quaerore,</span> <span class='ocrx_word' id='word_1_37' title='bbox 739 754 835 816; x_wconf 89' lang='lat' dir='ltr'>quam</span> <span class='ocrx_word' id='word_1_38' title='bbox 857 732 1075 816; x_wconf 83' lang='lat' dir='ltr'>quaestionem</span> <span class='ocrx_word' id='word_1_39' title='bbox 1098 731 1238 797; x_wconf 87' lang='lat' dir='ltr'>nondum</span> <span class='ocrx_word' id='word_1_40' title='bbox 1260 730 1372 798; x_wconf 85' lang='lat' dir='ltr'>diiudi-</span> 
     </span>
     <span class='ocr_line' id='line_1_7' title="bbox 49 839 852 937; baseline 0.002 -22"><span class='ocrx_word' id='word_1_41' title='bbox 49 839 51 842; x_wconf 53' lang='grc'><strong>’</strong></span> <span class='ocrx_word' id='word_1_42' title='bbox 147 855 255 916; x_wconf 74' lang='grc' dir='ltr'><em>σείετο</em></span> <span class='ocrx_word' id='word_1_43' title='bbox 276 871 345 914; x_wconf 89' lang='lat' dir='ltr'>esse</span> <span class='ocrx_word' id='word_1_44' title='bbox 366 850 463 915; x_wconf 91' lang='lat' dir='ltr'>etiam</span> <span class='ocrx_word' id='word_1_45' title='bbox 484 851 701 918; x_wconf 88' lang='lat' dir='ltr'>Bernhardius</span> <span class='ocrx_word' id='word_1_46' title='bbox 724 852 810 917; x_wconf 90' lang='lat' dir='ltr'>dicit.</span> <span class='ocrx_word' id='word_1_47' title='bbox 822 853 852 937; x_wconf 75' lang='lat'>¹)</span> 
     </span>
    </p>
   </div>
   <div class='ocr_carea' id='block_1_4' title="bbox 81 1053 1481 3042">
    <p class='ocr_par' dir='ltr' id='par_1_4' title="bbox 81 1053 1481 3042">
     <span class='ocr_line' id='line_1_8' title="bbox 234 1053 1371 1140; baseline -0.002 -22"><span class='ocrx_word' id='word_1_48' title='bbox 234 1053 382 1118; x_wconf 87' lang='lat' dir='ltr'>Veterum</span> <span class='ocrx_word' id='word_1_49' title='bbox 411 1056 605 1138; x_wconf 83' lang='lat' dir='ltr'>scriptorum</span> <span class='ocrx_word' id='word_1_50' title='bbox 639 1056 694 1138; x_wconf 91' lang='lat' dir='ltr'>qui</span> <span class='ocrx_word' id='word_1_51' title='bbox 723 1056 762 1122; x_wconf 89' lang='lat' dir='ltr'>de</span> <span class='ocrx_word' id='word_1_52' title='bbox 784 1056 923 1140; x_wconf 83' lang='lat' dir='ltr'>Tyrtaeo</span> <span class='ocrx_word' id='word_1_53' title='bbox 950 1058 1050 1138; x_wconf 84' lang='lat' dir='ltr'>agunt</span> <span class='ocrx_word' id='word_1_54' title='bbox 1078 1053 1295 1120; x_wconf 83' lang='lat' dir='ltr'>discernamus</span> <span class='ocrx_word' id='word_1_55' title='bbox 1318 1073 1371 1117; x_wconf 88' lang='lat' dir='ltr'>ne·</span> 
     </span>
     <span class='ocr_line' id='line_1_9' title="bbox 147 1169 1373 1258; baseline 0 -22"><span class='ocrx_word' id='word_1_56' title='bbox 147 1193 233 1238; x_wconf 89' lang='lat' dir='ltr'>cesse</span> <span class='ocrx_word' id='word_1_57' title='bbox 261 1177 309 1237; x_wconf 85' lang='lat' dir='ltr'>est</span> <span class='ocrx_word' id='word_1_58' title='bbox 336 1194 389 1238; x_wconf 91' lang='lat' dir='ltr'>eos</span> <span class='ocrx_word' id='word_1_59' title='bbox 422 1173 479 1256; x_wconf 90' lang='lat' dir='ltr'>qui</span> <span class='ocrx_word' id='word_1_60' title='bbox 507 1172 634 1238; x_wconf 84' lang='lat' dir='ltr'>fabulas</span> <span class='ocrx_word' id='word_1_61' title='bbox 661 1196 741 1258; x_wconf 87' lang='lat' dir='ltr'>quae</span> <span class='ocrx_word' id='word_1_62' title='bbox 765 1175 803 1239; x_wconf 87' lang='lat' dir='ltr'>de</span> <span class='ocrx_word' id='word_1_63' title='bbox 824 1179 920 1258; x_wconf 88' lang='lat' dir='ltr'>poeta</span> <span class='ocrx_word' id='word_1_64' title='bbox 941 1171 1061 1238; x_wconf 69' lang='lat' dir='ltr'>fuerin</span> <span class='ocrx_word' id='word_1_65' title='bbox 1082 1171 1225 1238; x_wconf 86' lang='lat' dir='ltr'>referunt</span> <span class='ocrx_word' id='word_1_66' title='bbox 1246 1170 1287 1236; x_wconf 90' lang='lat' dir='ltr'>ab</span> <span class='ocrx_word' id='word_1_67' title='bbox 1309 1169 1373 1236; x_wconf 81' lang='lat' dir='ltr'>illis</span> 
     </span>
     <span class='ocr_line' id='line_1_10' title="bbox 147 1289 1373 1378; baseline -0.001 -23"><span class='ocrx_word' id='word_1_68' title='bbox 147 1313 283 1374; x_wconf 88' lang='lat' dir='ltr'>quorum</span> <span class='ocrx_word' id='word_1_69' title='bbox 311 1292 417 1357; x_wconf 88' lang='lat' dir='ltr'>verbis</span> <span class='ocrx_word' id='word_1_70' title='bbox 446 1292 525 1358; x_wconf 87' lang='lat' dir='ltr'>fides</span> <span class='ocrx_word' id='word_1_71' title='bbox 561 1292 709 1358; x_wconf 84' lang='lat' dir='ltr'>habenda</span> <span class='ocrx_word' id='word_1_72' title='bbox 741 1299 800 1358; x_wconf 81' lang='lat' dir='ltr'>est,</span> <span class='ocrx_word' id='word_1_73' title='bbox 847 1293 1004 1378; x_wconf 84' lang='lat' dir='ltr'>Equidem</span> <span class='ocrx_word' id='word_1_74' title='bbox 1036 1291 1213 1376; x_wconf 88' lang='lat' dir='ltr'>principem</span> <span class='ocrx_word' id='word_1_75' title='bbox 1244 1289 1373 1356; x_wconf 86' lang='lat' dir='ltr'>illorum</span> 
     </span>
     <span class='ocr_line' id='line_1_11' title="bbox 146 1393 1481 1496; baseline -0.001 -22"><span class='ocrx_word' id='word_1_76' title='bbox 146 1411 202 1494; x_wconf 88' lang='lat' dir='ltr'>qui</span> <span class='ocrx_word' id='word_1_77' title='bbox 223 1410 509 1476; x_wconf 87' lang='lat' dir='ltr'>comminiscuntur</span> <span class='ocrx_word' id='word_1_78' title='bbox 531 1417 564 1476; x_wconf 88' lang='lat' dir='ltr'>et</span> <span class='ocrx_word' id='word_1_79' title='bbox 585 1433 654 1478; x_wconf 87' lang='lat' dir='ltr'>esse</span> <span class='ocrx_word' id='word_1_80' title='bbox 677 1417 708 1476; x_wconf 86' lang='lat' dir='ltr'>et</span> <span class='ocrx_word' id='word_1_81' title='bbox 729 1410 842 1477; x_wconf 89' lang='lat' dir='ltr'>haberi</span> <span class='ocrx_word' id='word_1_82' title='bbox 863 1415 942 1496; x_wconf 88' lang='lat' dir='ltr'>puto</span> <span class='ocrx_word' id='word_1_83' title='bbox 958 1410 1152 1476; x_wconf 89' lang='lat' dir='ltr'>Pausaniam</span> <span class='ocrx_word' id='word_1_84' title='bbox 1175 1409 1230 1492; x_wconf 91' lang='lat' dir='ltr'>qui</span> <span class='ocrx_word' id='word_1_85' title='bbox 1251 1408 1373 1474; x_wconf 86' lang='lat' dir='ltr'>uberri-</span> <span class='ocrx_word' id='word_1_86' title='bbox 1417 1393 1419 1396; x_wconf 30' lang='lat'>⁵</span> <span class='ocrx_word' id='word_1_87' title='bbox 1478 1457 1481 1462; x_wconf 84' lang='grc'><strong>-</strong></span> 
     </span>
     <span class='ocr_line' id='line_1_12' title="bbox 145 1527 1373 1614; baseline -0.002 -20"><span class='ocrx_word' id='word_1_88' title='bbox 145 1551 196 1594; x_wconf 89' lang='lat' dir='ltr'>me</span> <span class='ocrx_word' id='word_1_89' title='bbox 215 1529 289 1593; x_wconf 89' lang='lat' dir='ltr'>illas</span> <span class='ocrx_word' id='word_1_90' title='bbox 311 1528 350 1594; x_wconf 93' lang='lat' dir='ltr'>de</span> <span class='ocrx_word' id='word_1_91' title='bbox 371 1534 469 1613; x_wconf 89' lang='lat' dir='ltr'>poeta</span> <span class='ocrx_word' id='word_1_92' title='bbox 489 1530 747 1596; x_wconf 76' lang='lat' dir='ltr'>narratiunculas</span> <span class='ocrx_word' id='word_1_93' title='bbox 763 1530 941 1614; x_wconf 86' lang='lat' dir='ltr'>composuit</span> <span class='ocrx_word' id='word_1_94' title='bbox 956 1527 1217 1612; x_wconf 74' lang='lat' dir='ltr'>conscripsitque.</span> <span class='ocrx_word' id='word_1_95' title='bbox 1247 1527 1373 1610; x_wconf 87' lang='lat' dir='ltr'>Reliqui</span> 
     </span>
     <span class='ocr_line' id='line_1_13' title="bbox 144 1645 1372 1734; baseline -0.003 -20"><span class='ocrx_word' id='word_1_96' title='bbox 144 1652 200 1734; x_wconf 89' lang='lat' dir='ltr'>qui</span> <span class='ocrx_word' id='word_1_97' title='bbox 228 1671 266 1714; x_wconf 89' lang='lat' dir='ltr'>ea</span> <span class='ocrx_word' id='word_1_98' title='bbox 295 1669 377 1732; x_wconf 88' lang='lat' dir='ltr'>quae</span> <span class='ocrx_word' id='word_1_99' title='bbox 404 1647 499 1732; x_wconf 86' lang='lat' dir='ltr'>vulgo</span> <span class='ocrx_word' id='word_1_100' title='bbox 527 1650 740 1716; x_wconf 83' lang='lat' dir='ltr'>credebantur</span> <span class='ocrx_word' id='word_1_101' title='bbox 767 1649 902 1714; x_wconf 83' lang='lat' dir='ltr'>tradunt</span> <span class='ocrx_word' id='word_1_102' title='bbox 924 1653 1000 1715; x_wconf 86' lang='lat' dir='ltr'>sunt</span> <span class='ocrx_word' id='word_1_103' title='bbox 1022 1647 1167 1712; x_wconf 80' lang='lat' dir='ltr'>Platonis</span> <span class='ocrx_word' id='word_1_104' title='bbox 1190 1645 1372 1728; x_wconf 84' lang='lat' dir='ltr'>scholiasta,</span> 
     </span>
     <span class='ocr_line' id='line_1_14' title="bbox 81 1764 1371 1852; baseline -0.005 -18"><span class='ocrx_word' id='word_1_105' title='bbox 81 1835 89 1852; x_wconf 55' lang='lat'>„</span> <span class='ocrx_word' id='word_1_106' title='bbox 143 1768 319 1850; x_wconf 76' lang='lat' dir='ltr'>DiodoruS,</span> <span class='ocrx_word' id='word_1_107' title='bbox 356 1765 565 1850; x_wconf 84' lang='lat' dir='ltr'>Themistius,</span> <span class='ocrx_word' id='word_1_108' title='bbox 595 1769 753 1846; x_wconf 82' lang='lat' dir='ltr'>Justinus.</span> <span class='ocrx_word' id='word_1_109' title='bbox 806 1769 865 1846; x_wconf 81' lang='lat' dir='ltr'>Qui</span> <span class='ocrx_word' id='word_1_110' title='bbox 895 1787 1067 1850; x_wconf 88' lang='lat' dir='ltr'>quamqam</span> <span class='ocrx_word' id='word_1_111' title='bbox 1094 1770 1152 1831; x_wconf 87' lang='lat' dir='ltr'>aut</span> <span class='ocrx_word' id='word_1_112' title='bbox 1178 1764 1371 1830; x_wconf 83' lang='lat' dir='ltr'>Pausaniam</span> 
     </span>
     <span class='ocr_line' id='line_1_15' title="bbox 86 1884 1370 1968; baseline -0.002 -18"><span class='ocrx_word' id='word_1_113' title='bbox 86 1913 88 1916; x_wconf 94' lang='lat'>·</span> <span class='ocrx_word' id='word_1_114' title='bbox 145 1891 323 1968; x_wconf 85' lang='lat' dir='ltr'>sequuntur</span> <span class='ocrx_word' id='word_1_115' title='bbox 353 1889 389 1949; x_wconf 91' lang='lat' dir='ltr'>ut</span> <span class='ocrx_word' id='word_1_116' title='bbox 417 1886 590 1952; x_wconf 88' lang='lat' dir='ltr'>scholiasta</span> <span class='ocrx_word' id='word_1_117' title='bbox 618 1893 650 1953; x_wconf 86' lang='lat' dir='ltr'>et</span> <span class='ocrx_word' id='word_1_118' title='bbox 672 1887 865 1952; x_wconf 89' lang='lat' dir='ltr'>Themistius</span> <span class='ocrx_word' id='word_1_119' title='bbox 892 1892 949 1952; x_wconf 89' lang='lat' dir='ltr'>aut</span> <span class='ocrx_word' id='word_1_120' title='bbox 978 1907 1018 1950; x_wconf 85' lang='lat' dir='ltr'>ex</span> <span class='ocrx_word' id='word_1_121' title='bbox 1047 1885 1135 1951; x_wconf 88' lang='lat' dir='ltr'>fonte</span> <span class='ocrx_word' id='word_1_122' title='bbox 1156 1884 1264 1966; x_wconf 90' lang='lat' dir='ltr'>aliquo</span> <span class='ocrx_word' id='word_1_123' title='bbox 1287 1905 1370 1948; x_wconf 88' lang='lat' dir='ltr'>com·</span> 
     </span>
     <span class='ocr_line' id='line_1_16' title="bbox 144 2003 1370 2100; baseline -0.002 -32"><span class='ocrx_word' id='word_1_124' title='bbox 144 2004 235 2068; x_wconf 88' lang='lat' dir='ltr'>muni</span> <span class='ocrx_word' id='word_1_125' title='bbox 263 2004 520 2100; x_wconf 86' lang='lat' dir='ltr'>narratiunculas</span> <span class='ocrx_word' id='word_1_126' title='bbox 554 2006 709 2071; x_wconf 85' lang='lat' dir='ltr'>hauriunt</span> <span class='ocrx_word' id='word_1_127' title='bbox 743 2011 780 2070; x_wconf 86' lang='lat' dir='ltr'>ut</span> <span class='ocrx_word' id='word_1_128' title='bbox 808 2006 968 2072; x_wconf 87' lang='lat' dir='ltr'>Diodorus</span> <span class='ocrx_word' id='word_1_129' title='bbox 1000 2011 1036 2096; x_wconf 85' lang='lat' dir='ltr'>et</span> <span class='ocrx_word' id='word_1_130' title='bbox 1063 2003 1225 2072; x_wconf 87' lang='lat' dir='ltr'>Justinus:</span> <span class='ocrx_word' id='word_1_131' title='bbox 1261 2005 1370 2066; x_wconf 86' lang='lat' dir='ltr'>tamen</span> 
     </span>
     <span class='ocr_line' id='line_1_17' title="bbox 142 2118 1370 2208; baseline -0.003 -20"><span class='ocrx_word' id='word_1_132' title='bbox 142 2122 270 2188; x_wconf 85' lang='lat' dir='ltr'>easdem</span> <span class='ocrx_word' id='word_1_133' title='bbox 297 2143 348 2188; x_wconf 89' lang='lat' dir='ltr'>res</span> <span class='ocrx_word' id='word_1_134' title='bbox 376 2124 414 2188; x_wconf 88' lang='lat' dir='ltr'>de</span> <span class='ocrx_word' id='word_1_135' title='bbox 437 2124 566 2208; x_wconf 88' lang='lat' dir='ltr'>Tyrtaei</span> <span class='ocrx_word' id='word_1_136' title='bbox 594 2125 660 2190; x_wconf 82' lang='lat' dir='ltr'>vita</span> <span class='ocrx_word' id='word_1_137' title='bbox 687 2124 845 2206; x_wconf 83' lang='lat' dir='ltr'>referunt,</span> <span class='ocrx_word' id='word_1_138' title='bbox 874 2125 908 2188; x_wconf 92' lang='lat' dir='ltr'>id</span> <span class='ocrx_word' id='word_1_139' title='bbox 931 2123 1018 2207; x_wconf 89' lang='lat' dir='ltr'>quod</span> <span class='ocrx_word' id='word_1_140' title='bbox 1039 2143 1078 2187; x_wconf 90' lang='lat' dir='ltr'>ex</span> <span class='ocrx_word' id='word_1_141' title='bbox 1100 2122 1244 2205; x_wconf 89' lang='lat' dir='ltr'>ipsorum</span> <span class='ocrx_word' id='word_1_142' title='bbox 1265 2118 1370 2184; x_wconf 86' lang='lat' dir='ltr'>verbis</span> 
     </span>
     <span class='ocr_line' id='line_1_18' title="bbox 141 2238 1448 2332; baseline -0.004 -26"><span class='ocrx_word' id='word_1_143' title='bbox 141 2262 331 2332; x_wconf 81' lang='lat' dir='ltr'>cognoscere</span> <span class='ocrx_word' id='word_1_144' title='bbox 359 2242 443 2307; x_wconf 88' lang='lat' dir='ltr'>licet.</span> <span class='ocrx_word' id='word_1_145' title='bbox 487 2243 530 2308; x_wconf 84' lang='lat' dir='ltr'>Et</span> <span class='ocrx_word' id='word_1_146' title='bbox 552 2245 730 2310; x_wconf 88' lang='lat' dir='ltr'>Pausaniae</span> <span class='ocrx_word' id='word_1_147' title='bbox 760 2245 888 2328; x_wconf 87' lang='lat' dir='ltr'>quidem</span> <span class='ocrx_word' id='word_1_148' title='bbox 916 2247 992 2308; x_wconf 88' lang='lat' dir='ltr'>sunt</span> <span class='ocrx_word' id='word_1_149' title='bbox 1020 2242 1133 2306; x_wconf 80' lang='lat' dir='ltr'>haecce</span> <span class='ocrx_word' id='word_1_150' title='bbox 1155 2238 1220 2320; x_wconf 79' lang='lat' dir='ltr'>(IV,</span> <span class='ocrx_word' id='word_1_151' title='bbox 1247 2244 1295 2319; x_wconf 86' lang='lat'>15,</span> <span class='ocrx_word' id='word_1_152' title='bbox 1318 2242 1366 2318; x_wconf 85' lang='lat'>3):</span> <span class='ocrx_word' id='word_1_153' title='bbox 1444 2283 1448 2287; x_wconf 89' lang='lat'><em>-</em></span> 
     </span>
     <span class='ocr_line' id='line_1_19' title="bbox 134 2349 1366 2446; baseline -0.003 -22"><span class='ocrx_word' id='word_1_154' title='bbox 134 2356 281 2444; x_wconf 76' lang='grc' dir='ltr'><em>Ἓγένετο</em></span> <span class='ocrx_word' id='word_1_155' title='bbox 318 2358 355 2426; x_wconf 77' lang='grc' dir='ltr'>δὲ</span> <span class='ocrx_word' id='word_1_156' title='bbox 384 2358 440 2426; x_wconf 83' lang='grc' dir='ltr'>καί</span> <span class='ocrx_word' id='word_1_157' title='bbox 466 2359 746 2446; x_wconf 78' lang='grc' dir='ltr'><em>Λακεδαιμονίοις</em></span> <span class='ocrx_word' id='word_1_158' title='bbox 773 2357 942 2446; x_wconf 80' lang='grc' dir='ltr'><em>μάντευμα</em></span> <span class='ocrx_word' id='word_1_159' title='bbox 972 2360 1008 2428; x_wconf 78' lang='grc' dir='ltr'>ἐκ</span> <span class='ocrx_word' id='word_1_160' title='bbox 1028 2359 1167 2446; x_wconf 78' lang='grc' dir='ltr'><em>Δελφῶν</em></span> <span class='ocrx_word' id='word_1_161' title='bbox 1186 2354 1244 2422; x_wconf 83' lang='grc' dir='ltr'>τδν</span> <span class='ocrx_word' id='word_1_162' title='bbox 1260 2349 1366 2439; x_wconf 76' lang='grc' dir='ltr'><em>Ἀθη-</em></span> 
     </span>
     <span class='ocr_line' id='line_1_20' title="bbox 141 2470 1365 2565; baseline -0.002 -23"><span class='ocrx_word' id='word_1_163' title='bbox 141 2481 233 2543; x_wconf 86' lang='grc' dir='ltr'><em>ναῖον</em></span> <span class='ocrx_word' id='word_1_164' title='bbox 258 2475 439 2564; x_wconf 78' lang='grc' dir='ltr'><em>ἕντάγεσδαι</em></span> <span class='ocrx_word' id='word_1_165' title='bbox 468 2475 660 2564; x_wconf 77' lang='grc' dir='ltr'><em>σύμβουλον.</em></span> <span class='ocrx_word' id='word_1_166' title='bbox 687 2476 947 2548; x_wconf 73' lang='grc' dir='ltr'><em>ἀποστέλλουσιν</em></span> <span class='ocrx_word' id='word_1_167' title='bbox 976 2470 1032 2546; x_wconf 85' lang='grc' dir='ltr'>οῦν</span> <span class='ocrx_word' id='word_1_168' title='bbox 1053 2477 1144 2565; x_wconf 77' lang='grc' dir='ltr'><em>παρὰ</em></span> <span class='ocrx_word' id='word_1_169' title='bbox 1165 2475 1241 2554; x_wconf 82' lang='grc' dir='ltr'><em>τοῦς</em></span> <span class='ocrx_word' id='word_1_170' title='bbox 1259 2471 1365 2562; x_wconf 73' lang='grc' dir='ltr'>Ἀθη·</span> 
     </span>
     <span class='ocr_line' id='line_1_21' title="bbox 133 2575 1364 2696; baseline -0.002 -34"><span class='ocrx_word' id='word_1_171' title='bbox 133 2594 253 2674; x_wconf 69' lang='grc' dir='ltr'><em>’ναίους</em></span> <span class='ocrx_word' id='word_1_172' title='bbox 273 2575 330 2664; x_wconf 82' lang='grc' dir='ltr'>τδν</span> <span class='ocrx_word' id='word_1_173' title='bbox 351 2623 387 2664; x_wconf 87' lang='grc' dir='ltr'>τε</span> <span class='ocrx_word' id='word_1_174' title='bbox 413 2598 557 2685; x_wconf 79' lang='grc' dir='ltr'><em>χρησμὸν</em></span> <span class='ocrx_word' id='word_1_175' title='bbox 583 2595 847 2696; x_wconf 57' lang='grc' dir='ltr'><em>ἄνκαγγελοῦντας</em></span> <span class='ocrx_word' id='word_1_176' title='bbox 872 2599 927 2666; x_wconf 82' lang='grc' dir='ltr'>καὶ</span> <span class='ocrx_word' id='word_1_177' title='bbox 953 2595 1055 2686; x_wconf 74' lang='grc' dir='ltr'><em>δένδρα</em></span> <span class='ocrx_word' id='word_1_178' title='bbox 1082 2593 1252 2674; x_wconf 79' lang='grc' dir='ltr'><em>αἰτοῦντας</em></span> <span class='ocrx_word' id='word_1_179' title='bbox 1277 2619 1364 2682; x_wconf 71' lang='lat' dir='ltr'>ireq-</span> 
     </span>
     <span class='ocr_line' id='line_1_22' title="bbox 141 2707 1366 2806; baseline -0.001 -26"><span class='ocrx_word' id='word_1_180' title='bbox 141 2714 313 2782; x_wconf 82' lang='grc' dir='ltr'><em>αινέσοντα</em></span> <span class='ocrx_word' id='word_1_181' title='bbox 343 2707 364 2780; x_wconf 80' lang='grc' dir='ltr'><em>δ</em></span> <span class='ocrx_word' id='word_1_182' title='bbox 387 2712 446 2804; x_wconf 85' lang='grc' dir='ltr'>χρή</span> <span class='ocrx_word' id='word_1_183' title='bbox 474 2739 598 2804; x_wconf 82' lang='grc' dir='ltr'><em>σφισιν.</em></span> <span class='ocrx_word' id='word_1_184' title='bbox 642 2714 820 2806; x_wconf 78' lang='grc' dir='ltr'><em>Ἀθηναῖοι</em></span> <span class='ocrx_word' id='word_1_185' title='bbox 848 2715 885 2806; x_wconf 68' lang='grc' dir='ltr'>δὲ</span> <span class='ocrx_word' id='word_1_186' title='bbox 911 2714 1065 2804; x_wconf 78' lang='grc' dir='ltr'><em>οὐδέτεροι</em></span> <span class='ocrx_word' id='word_1_187' title='bbox 1092 2715 1263 2798; x_wconf 74' lang='grc' dir='ltr'><em>θέλοντες,</em></span> <span class='ocrx_word' id='word_1_188' title='bbox 1292 2709 1366 2806; x_wconf 84' lang='grc' dir='ltr'><em>οῦτε</em></span> 
     </span>
     <span class='ocr_line' id='line_1_23' title="bbox 141 2829 1364 2923; baseline -0.002 -25"><span class='ocrx_word' id='word_1_189' title='bbox 141 2832 424 2918; x_wconf 86' lang='grc' dir='ltr'><em>Λακεδαιμονίους</em></span> <span class='ocrx_word' id='word_1_190' title='bbox 444 2829 518 2901; x_wconf 83' lang='grc' dir='ltr'><em>δίνευ</em></span> <span class='ocrx_word' id='word_1_191' title='bbox 540 2830 686 2922; x_wconf 75' lang='grc' dir='ltr'><em>μεγάλων</em></span> <span class='ocrx_word' id='word_1_192' title='bbox 707 2831 860 2902; x_wconf 80' lang='grc' dir='ltr'><em>κινδύνων</em></span> <span class='ocrx_word' id='word_1_193' title='bbox 883 2837 1084 2923; x_wconf 73' lang='grc' dir='ltr'><em>προσλαβεῖν</em></span> <span class='ocrx_word' id='word_1_194' title='bbox 1105 2836 1222 2920; x_wconf 79' lang='grc' dir='ltr'><em>μοῖραν</em></span> <span class='ocrx_word' id='word_1_195' title='bbox 1243 2834 1307 2896; x_wconf 85' lang='grc' dir='ltr'>τῶν</span> <span class='ocrx_word' id='word_1_196' title='bbox 1329 2830 1364 2897; x_wconf 79' lang='grc' dir='ltr'>ἐν</span> 
     </span>
     <span class='ocr_line' id='line_1_24' title="bbox 140 2947 1363 3042; baseline -0.002 -24"><span class='ocrx_word' id='word_1_197' title='bbox 140 2947 383 3040; x_wconf 77' lang='grc' dir='ltr'><em>Πελοποννήσῳ</em></span> <span class='ocrx_word' id='word_1_198' title='bbox 404 2952 461 3041; x_wconf 78' lang='grc' dir='ltr'>τὴν</span> <span class='ocrx_word' id='word_1_199' title='bbox 488 2949 630 3042; x_wconf 75' lang='grc' dir='ltr'><em>ἀρίστην,</em></span> <span class='ocrx_word' id='word_1_200' title='bbox 653 2950 728 3020; x_wconf 84' lang='grc' dir='ltr'><em>οῦτε</em></span> <span class='ocrx_word' id='word_1_201' title='bbox 749 2951 842 3020; x_wconf 77' lang='grc' dir='ltr'><em>αὐτοὶ</em></span> <span class='ocrx_word' id='word_1_202' title='bbox 862 2959 1069 3042; x_wconf 76' lang='grc' dir='ltr'><em>παρακοῦσαι</em></span> <span class='ocrx_word' id='word_1_203' title='bbox 1090 2958 1148 3020; x_wconf 92' lang='grc' dir='ltr'>τοῦ</span> <span class='ocrx_word' id='word_1_204' title='bbox 1164 2957 1255 3036; x_wconf 73' lang='grc' dir='ltr'><em>θεοῦ,</em></span> <span class='ocrx_word' id='word_1_205' title='bbox 1278 2949 1363 3038; x_wconf 76' lang='grc' dir='ltr'><em>πρὸς</em></span> 
     </span>
    </p>
   </div>
   <div class='ocr_carea' id='block_1_5' title="bbox 139 3063 1361 3160">
    <p class='ocr_par' dir='ltr' id='par_1_5' title="bbox 139 3063 1361 3160">
     <span class='ocr_line' id='line_1_25' title="bbox 139 3063 1361 3160; baseline 0 -24"><span class='ocrx_word' id='word_1_206' title='bbox 139 3075 243 3137; x_wconf 89' lang='grc' dir='ltr'><em>ταῦτα</em></span> <span class='ocrx_word' id='word_1_207' title='bbox 262 3069 495 3159; x_wconf 77' lang='grc' dir='ltr'><em>ἐξευρίσκουσι,</em></span> <span class='ocrx_word' id='word_1_208' title='bbox 518 3069 573 3138; x_wconf 88' lang='grc' dir='ltr'>καί</span> <span class='ocrx_word' id='word_1_209' title='bbox 578 3121 586 3156; x_wconf 82' lang='grc'>,</span> <span class='ocrx_word' id='word_1_210' title='bbox 615 3063 654 3159; x_wconf 76' lang='grc' dir='ltr'>ἦν</span> <span class='ocrx_word' id='word_1_211' title='bbox 680 3071 740 3159; x_wconf 79' lang='grc' dir='ltr'>γὰρ</span> <span class='ocrx_word' id='word_1_212' title='bbox 766 3077 925 3158; x_wconf 84' lang='grc' dir='ltr'><em>Τυρταῖος</em></span> <span class='ocrx_word' id='word_1_213' title='bbox 947 3068 1144 3152; x_wconf 78' lang='grc' dir='ltr'><em>διδασκαλος</em></span> <span class='ocrx_word' id='word_1_214' title='bbox 1166 3067 1361 3160; x_wconf 73' lang='grc' dir='ltr'><em>γραμμάτων</em></span> 
     </span>
    </p>
   </div>
   <div class='ocr_carea' id='block_1_6' title="bbox 137 3179 1364 3756">
    <p class='ocr_par' dir='ltr' id='par_1_6' title="bbox 137 3179 1364 3756">
     <span class='ocr_line' id='line_1_26' title="bbox 138 3179 1364 3279; baseline 0.002 -25"><span class='ocrx_word' id='word_1_215' title='bbox 138 3193 212 3255; x_wconf 91' lang='grc' dir='ltr'><em>νοῦν</em></span> <span class='ocrx_word' id='word_1_216' title='bbox 233 3213 269 3256; x_wconf 82' lang='grc' dir='ltr'>τε</span> <span class='ocrx_word' id='word_1_217' title='bbox 291 3187 407 3279; x_wconf 77' lang='grc' dir='ltr'><em>ἥκιστα</em></span> <span class='ocrx_word' id='word_1_218' title='bbox 428 3187 511 3272; x_wconf 54' lang='grc' dir='ltr'><em>ἐςειν</em></span> <span class='ocrx_word' id='word_1_219' title='bbox 534 3191 637 3256; x_wconf 82' lang='grc' dir='ltr'><em>δοκῶν</em></span> <span class='ocrx_word' id='word_1_220' title='bbox 656 3188 711 3256; x_wconf 85' lang='grc' dir='ltr'>καί</span> <span class='ocrx_word' id='word_1_221' title='bbox 731 3189 788 3256; x_wconf 89' lang='grc' dir='ltr'>τδν</span> <span class='ocrx_word' id='word_1_222' title='bbox 810 3187 920 3278; x_wconf 75' lang='grc' dir='ltr'><em>ἕτερον</em></span> <span class='ocrx_word' id='word_1_223' title='bbox 943 3195 1008 3255; x_wconf 83' lang='grc' dir='ltr'>τῶν</span> <span class='ocrx_word' id='word_1_224' title='bbox 1023 3179 1136 3256; x_wconf 80' lang='grc' dir='ltr'><em>ιτοδῶν</em></span> <span class='ocrx_word' id='word_1_225' title='bbox 1148 3186 1261 3275; x_wconf 81' lang='grc' dir='ltr'><em>χωλός,</em></span> <span class='ocrx_word' id='word_1_226' title='bbox 1283 3193 1364 3257; x_wconf 88' lang='grc' dir='ltr'><em>τοῦ--</em></span> 
     </span>
     <span class='ocr_line' id='line_1_27' title="bbox 140 3303 1361 3396; baseline 0.002 -23"><span class='ocrx_word' id='word_1_227' title='bbox 140 3332 196 3374; x_wconf 93' lang='grc' dir='ltr'>τον</span> <span class='ocrx_word' id='word_1_228' title='bbox 223 3305 482 3377; x_wconf 80' lang='grc' dir='ltr'><em>ἇντοστέλλουσιν</em></span> <span class='ocrx_word' id='word_1_229' title='bbox 504 3308 539 3387; x_wconf 78' lang='grc' dir='ltr'>ἐς</span> <span class='ocrx_word' id='word_1_230' title='bbox 559 3303 723 3396; x_wconf 79' lang='grc' dir='ltr'><em>Σπάρτην.</em></span> <span class='ocrx_word' id='word_1_231' title='bbox 768 3310 850 3374; x_wconf 90' lang='lat' dir='ltr'>Turn</span> <span class='ocrx_word' id='word_1_232' title='bbox 873 3309 1069 3377; x_wconf 76' lang='lat' dir='ltr'>scholiastae</span> <span class='ocrx_word' id='word_1_233' title='bbox 1098 3310 1140 3376; x_wconf 85' lang='lat' dir='ltr'>ad</span> <span class='ocrx_word' id='word_1_234' title='bbox 1161 3310 1244 3378; x_wconf 75' lang='lat' dir='ltr'>Plat.</span> <span class='ocrx_word' id='word_1_235' title='bbox 1266 3313 1361 3396; x_wconf 78' lang='lat' dir='ltr'>Legg.</span> 
     </span>
     <span class='ocr_line' id='line_1_28' title="bbox 137 3419 1361 3519; baseline -0.001 -25"><span class='ocrx_word' id='word_1_236' title='bbox 137 3451 168 3512; x_wconf 91' lang='lat' dir='ltr'>p.</span> <span class='ocrx_word' id='word_1_237' title='bbox 193 3435 254 3497; x_wconf 84' lang='grc'>448</span> <span class='ocrx_word' id='word_1_238' title='bbox 277 3431 325 3495; x_wconf 88' lang='lat' dir='ltr'>ed.</span> <span class='ocrx_word' id='word_1_239' title='bbox 347 3431 497 3496; x_wconf 74' lang='lat' dir='ltr'>Rakkan:</span> <span class='ocrx_word' id='word_1_240' title='bbox 520 3425 554 3494; x_wconf 87' lang='grc' dir='ltr'><em>Ὁ</em></span> <span class='ocrx_word' id='word_1_241' title='bbox 578 3432 737 3516; x_wconf 85' lang='grc' dir='ltr'><em>Τυρταῖος</em></span> <span class='ocrx_word' id='word_1_242' title='bbox 758 3419 853 3508; x_wconf 79' lang='grc' dir='ltr'><em>οὗτος</em></span> <span class='ocrx_word' id='word_1_243' title='bbox 868 3426 1049 3519; x_wconf 72' lang='grc' dir='ltr'><em>Ἀθηναῖος</em></span> <span class='ocrx_word' id='word_1_244' title='bbox 1070 3429 1211 3517; x_wconf 79' lang='grc' dir='ltr'><em>ἐγένετο,</em></span> <span class='ocrx_word' id='word_1_245' title='bbox 1233 3427 1361 3515; x_wconf 79' lang='grc' dir='ltr'><em>εὐτελὴς</em></span> 
     </span>
     <span class='ocr_line' id='line_1_29' title="bbox 137 3537 1357 3637; baseline 0.001 -26"><span class='ocrx_word' id='word_1_246' title='bbox 137 3545 194 3634; x_wconf 73' lang='grc' dir='ltr'>τὴν</span> <span class='ocrx_word' id='word_1_247' title='bbox 220 3541 323 3634; x_wconf 79' lang='grc' dir='ltr'><em>τύχην·</em></span> <span class='ocrx_word' id='word_1_248' title='bbox 354 3547 600 3637; x_wconf 78' lang='grc' dir='ltr'><em>γραμματιστὴς</em></span> <span class='ocrx_word' id='word_1_249' title='bbox 626 3547 685 3636; x_wconf 78' lang='grc' dir='ltr'>γὰρ</span> <span class='ocrx_word' id='word_1_250' title='bbox 713 3537 752 3635; x_wconf 81' lang='grc' dir='ltr'>ἦν</span> <span class='ocrx_word' id='word_1_251' title='bbox 778 3545 833 3614; x_wconf 84' lang='grc' dir='ltr'>καὶ</span> <span class='ocrx_word' id='word_1_252' title='bbox 856 3547 960 3630; x_wconf 83' lang='grc' dir='ltr'><em>χωλὸς</em></span> <span class='ocrx_word' id='word_1_253' title='bbox 986 3548 1025 3616; x_wconf 86' lang='grc' dir='ltr'>τὸ</span> <span class='ocrx_word' id='word_1_254' title='bbox 1053 3553 1160 3633; x_wconf 77' lang='grc' dir='ltr'><em>σῶμα,</em></span> <span class='ocrx_word' id='word_1_255' title='bbox 1190 3569 1357 3634; x_wconf 84' lang='grc' dir='ltr'><em>καταφρο-</em></span> 
     </span>
     <span class='ocr_line' id='line_1_30' title="bbox 137 3661 1357 3756; baseline 0 -27"><span class='ocrx_word' id='word_1_256' title='bbox 137 3661 289 3749; x_wconf 81' lang='grc' dir='ltr'><em>νούμενος</em></span> <span class='ocrx_word' id='word_1_257' title='bbox 311 3665 345 3733; x_wconf 75' lang='grc' dir='ltr'>ἐν</span> <span class='ocrx_word' id='word_1_258' title='bbox 362 3663 533 3754; x_wconf 69' lang='grc' dir='ltr'><em>Ἀθήναις.</em></span> <span class='ocrx_word' id='word_1_259' title='bbox 554 3671 670 3734; x_wconf 86' lang='grc' dir='ltr'><em>τοῦτον</em></span> <span class='ocrx_word' id='word_1_260' title='bbox 698 3665 979 3752; x_wconf 84' lang='grc' dir='ltr'><em>Λακεδαιμονίοις</em></span> <span class='ocrx_word' id='word_1_261' title='bbox 1006 3663 1163 3756; x_wconf 56' lang='grc' dir='ltr'><em>ἒᾷρησενὸ</em></span> <span class='ocrx_word' id='word_1_262' title='bbox 1183 3661 1357 3732; x_wconf 76' lang='grc' dir='ltr'><em>Ἀπόλλων</em></span> 
     </span>
    </p>
   </div>
   <div class='ocr_carea' id='block_1_7' title="bbox 136 3841 339 3850">
    <p class='ocr_par' dir='ltr' id='par_1_7' title="bbox 136 3841 339 3850">
     <span class='ocr_line' id='line_1_31' title="bbox 136 3841 339 3850; baseline 0.01 -2"><span class='ocrx_word' id='word_1_263' title='bbox 136 3841 339 3850; x_wconf 42' lang='lat'>*—</span> 
     </span>
    </p>
   </div>
   <div class='ocr_carea' id='block_1_8' title="bbox 135 4140 279 4195">
    <p class='ocr_par' dir='ltr' id='par_1_8' title="bbox 135 4140 279 4195">
     <span class='ocr_line' id='line_1_32' title="bbox 135 4140 279 4195; baseline 0.014 -4"><span class='ocrx_word' id='word_1_264' title='bbox 135 4140 279 4195; x_wconf 52' lang='lat' dir='ltr'>Proclama</span> 
     </span>
    </p>
   </div>
   <div class='ocr_carea' id='block_1_9' title="bbox 0 0 1500 4594">
    <p class='ocr_par' dir='ltr' id='par_1_9' title="bbox 0 0 1500 4594">
     <span class='ocr_line' id='line_1_33' title="bbox 0 0 1500 4594; baseline 0 6"><span class='ocrx_word' id='word_1_265' title='bbox 0 0 1500 4594; x_wconf 95' lang='lat' dir='ltr'> </span> 
     </span>
    </p>
   </div>
  </div>
 </body>
</html>
