2990 4594
690 218 729 280 le

196 419 318 484 Erineo
349 417 471 482 amissa
498 435 564 480 una
591 437 663 482 cum
690 415 869 482 Heraclidis
889 416 1090 498 pervenimus
1112 417 1146 480 in
1168 415 1322 501 Pelopon·

198 559 313 604 nesum
334 537 357 600 i.
380 557 407 600 e.
430 535 535 600 nostri
555 535 693 600 maiores
715 555 752 600 eo
774 539 1001 620 pervenerunt3

92 637 204 722 sedin
227 677 301 722 eam
325 655 520 719 sententiam
542 653 712 738 accipiunt,
735 659 773 718 ut
794 654 1061 738 interpretentuu:

66 755 77 780 0

201 808 335 892 Jupiter
371 805 454 870 hanc
491 806 605 872 urbem
645 806 733 872 dedit
767 805 946 872 Heraclidis
984 826 1122 888 quorum
1160 804 1237 870 socii
1274 806 1325 870 vel

204 927 395 1010 quibuscum
410 925 555 1028 'foedere
589 926 750 992 coniuncti
784 947 844 991 nos
879 924 1145 991 Athenienses
1171 923 1324 989 Erineum

205 1045 400 1129 reliquimus.

101 1199 247 1276 Quorum
277 1199 488 1283 interpretum
518 1197 613 1264 alteri
635 1197 827 1263 concludunt
847 1195 1000 1261 Erineum
1022 1200 1160 1280 aposta
1181 1195 1244 1260 dici
1270 1196 1326 1284 qui

98 1319 197 1384 fuerit
221 1317 348 1410 Atticae
378 1338 492 1402 pagus.
533 1316 603 1382 lam
633 1318 776 1418 primum
805 1337 898 1382 nemo
927 1309 1059 1381 'aliunde
1092 1314 1327 1381 demonstrabit

21 1473 22 1476 =
96 1437 252 1502 Erineum
267 1436 393 1501 Atticae
415 1437 546 1501 omnino
568 1456 690 1521 pagum
711 1435 820 1516 fuisse,
843 1434 956 1500 deinde
976 1435 1164 1519 neutiquam
1184 1435 1327 1518 intellegi

99 1559 223 1638 potest,
248 1553 589 1643 quomodoTyrtaeus
611 1575 677 1618 una
698 1575 770 1618 cum
790 1553 970 1619 Heraclidis
992 1575 1032 1618 ex
1052 1554 1161 1620 Attica
1182 1556 1216 1618 in
1237 1554 1326 1620 Pelo·

98 1694 279 1756 ponnesum
308 1671 497 1738 descendere
525 1675 676 1757 potuerit.
720 1673 822 1738 Alteri
850 1678 956 1737 autem
977 1671 1121 1737 fabulam
1142 1693 1325 1757 composue-

99 1797 178 1854 runt
200 1792 357 1874 superiori
380 1792 590 1856 simillimam:
614 1791 792 1876 Tyrtaeum,
816 1811 887 1855 cum
902 1791 967 1855 dux
981 1790 1056 1856 belli
1068 1792 1325 1858 Lacedaemoniis

101 1909 301 1991 mitteretur,
331 1911 433 1974 socios
463 1915 495 1974 et
521 1910 646 1974 itineris
675 1909 805 1974 comites
828 1910 891 1974 sibi
912 1909 1043 1992 elegisse
1065 1910 1173 1994 eisque
1192 1912 1326 1997 impera-

101 2029 187 2092 visse
215 2033 251 2091 ut
273 2028 427 2092 Erineum
454 2028 667 2109 conuenirent,
691 2048 753 2110 quo
776 2050 847 2094 cum
868 2029 1098 2112 convenissent,
1122 2050 1194 2095 eum
1214 2033 1248 2095 in
1270 2032 1326 2096 Pe-

100 2145 316 2230 loponnesum
346 2145 554 2217 descendisse.
599 2145 704 2228 Atque
731 2147 831 2214 multo
860 2147 1012 2213 audacius
1033 2145 1209 2232 Franckins
1230 2151 1328 2216 inter·

102 2269 251 2348 pretatur
290 2266 343 2348 qui
377 2264 469 2330 dicit:
504 2258 657 2350 ,Ἐρίνεον
691 2271 774 2329 litera
803 2273 907 2331 initiali
933 2272 1093 2331 maiuscula
1120 2281 1193 2331 recte
1217 2273 1328 2350 quidem

104 2388 193 2447 scribi
212 2390 296 2467 apud
317 2389 488 2449 stratonem
511 2390 560 2466 qui
580 2389 668 2448 cerba
681 2391 767 2462 salso
789 2390 967 2464 intellectoris,
990 2393 1042 2451 sed
1061 2391 1154 2470 psum
1178 2393 1328 2470 Tyrtaeum

104 2507 284 2566 hauddubie
305 2509 470 2587 capriJicum
491 2491 669 2581 intellexisse,
693 2509 830 2569 imitatum
851 2511 969 2570 Homer.
994 2512 1032 2571 Il.
1056 2513 1094 2568 Χ.
1117 2516 1187 2571 145:

262 2650 301 2720 oi
316 2653 352 2720 de*
374 2654 466 2742 παρὰ
488 2655 629 2743 σκοπιὴν
651 2654 706 2720 καὶ
728 2654 851 2743 ἐρινεὸν
871 2653 1049 2745 ἠνεμόεντα
1069 2659 1152 2726 aad!

103 2807 198 2872 Unde
222 2809 336 2872 statim
362 2829 480 2874 novam
507 2809 568 2874 sibi
595 2809 690 2892 fingit
716 2807 873 2875 fabulam:
901 2813 1119 2888 ,Gonoenerant
1148 2817 1232 2895 ἐρίων
1257 2819 1325 2896 ψ

106 2931 165 2989 toci
185 2931 297 2990 comites
317 2929 346 2989 in
368 2931 461 2991 Attica
482 2933 523 2990 ad
550 2932 716 3011 capraficum
745 2936 891 3010 quandam
918 2943 1002 3014 atquc
1029 2937 1093 2994 inde
1112 2937 1240 3008 fucrant
1253 2957 1326 3013 pro-

92 3048 172 3120 fecti
192 3049 223 3108 in
245 3049 494 3126 Peloponnesum!

190 3197 242 3264 Sic
269 3197 339 3264 fieri
369 3219 434 3263 non
461 3202 587 3282 potest,
623 3200 700 3280 quin
726 3221 798 3264 cum
826 3197 926 3264 salsae
951 3221 1132 3286 pravaeque
1161 3205 1327 3289 opiniones

102 3316 338 3399 concipiantur,
366 3321 436 3380 tum
458 3316 486 3381 si
507 3337 547 3381 ex
568 3316 651 3381 male
671 3317 841 3384 intellectis
863 3316 967 3384 verbis
989 3321 1039 3385 uel
1061 3322 1174 3390 adres
1196 3325 1325 3392 histori-

100 3456 157 3500 cas
183 3436 235 3501 uel
260 3435 302 3500 ad
329 3455 560 3518 quamcumque
587 3436 684 3501 aliam
713 3437 918 3520 antiquitatis
944 3445 1071 3522 partem
1103 3444 1324 3529 explicandam

100 3554 286 3619 testimonia
308 3557 405 3637 atquc
422 3558 613 3639 argumenta
631 3559 793 3638 petantur,
816 3557 926 3622 inania
941 3565 1120 3625 commenta
1133 3566 1329 3646 proveniant

102 3672 219 3752 quibus
247 3673 303 3756 qui
330 3672 424 3738 fidem
452 3673 573 3739 habeat
597 3673 638 3739 ab
668 3695 732 3739 uno
755 3674 796 3738 ad
818 3675 916 3740 alium
937 3677 1084 3762 deinceps
1107 3699 1247 3746 errorem
1269 3683 1324 3747 ab·

101 3789 247 3855 ducatur.
293 3791 355 3856 Sed
376 3793 562 3859 omittamus
584 3792 740 3858 eiusmodi
760 3793 1044 3879 interpretationes
1067 3817 1148 3878 quae
1170 3819 1241 3863 cum
1268 3800 1323 3866 ab·
1402 3867 1406 3876 ,

100 3908 218 3974 surdae
245 3910 310 3974 sint
336 3911 429 3976 nobis
458 3912 631 3978 ostendunt
661 3932 742 3995 quas
769 3914 804 3976 in
831 3912 1036 3980 difficultates
1062 3917 1118 3998 qui
1147 3923 1324 4000 sequantur

100 4027 296 4093 Pausaniam
318 4051 383 4094 non
405 4031 531 4115 opinati
551 4031 770 4114 inciderint.¹)
906 4009 909 4014 ⁵

189 4251 215 4318 1)
234 4247 287 4303 Cir.
305 4247 388 4305 Bach.
407 4250 423 4306 l.
442 4265 464 4306 c.
482 4267 544 4320 pag.
562 4253 605 4324 79,
622 4251 669 4308 ubi
686 4251 766 4320 plura
783 4250 864 4320 leges.
922 4235 925 4240 Δ
