2990 4594
661 199 864 292 μ--οΜ

155 395 221 458 0101
242 391 419 478 permultas
440 392 596 462 derebus
617 395 651 470 in
673 395 765 462 bellis
787 394 991 462 Messeniacis
1019 393 1116 476 gostis
1143 389 1383 476 antiquissimis

153 509 218 576 iam
249 510 446 596 temporibus
475 510 614 580 fabulas.
630 519 760 582 0000100
788 534 866 580 esse.
911 511 989 588 Quis
1011 511 1095 576 enim
1117 515 1166 576 est
1188 510 1244 592 qui
1265 507 1382 574 credat

152 628 386 696 Aristomenem
411 635 462 696 ter
488 636 615 697 centum
638 631 782 698 homines
804 631 863 696 diis
885 629 1080 710 immolasse,
1110 650 1207 712 quam
1228 649 1296 692 rem
1318 647 1381 692 no·

152 745 203 812 bis
224 745 358 812 tradunt
379 748 463 815 Plut.
487 749 590 833 (Rom.
614 752 679 835 25.)
701 755 734 816 et
755 751 836 816 Plin.
860 749 913 833 (H.
936 748 976 814 N.
1002 756 1051 830 11,
1075 750 1147 832 70);
1170 745 1304 812 eundem
1325 751 1381 810 ter

153 865 189 932 in
219 859 342 932 'summo
370 867 455 934 vitae
485 867 666 934 discrimine
692 871 869 936 versatum:
899 866 1037 950 primum
1061 887 1081 930 a
1101 865 1196 950 vulpe
1217 865 1306 930 ouius
1328 864 1379 930 fo-

153 1005 244 1050 veam
271 990 457 1068 persecutus
479 971 597 1052 carceri
619 987 655 1052 in
677 1008 740 1070 quo
762 991 846 1054 esset
865 986 1006 1052 inclusus
1029 1006 1062 1050 se
1085 984 1289 1051 subduxisset
1309 1003 1378 1046 ser-

154 1107 265 1170 vatum
286 1124 364 1186 esse,
386 1108 456 1168 tum
478 1105 625 1172 custodes
648 1106 703 1188 qui
726 1127 837 1172 somno
859 1105 1006 1189 oppressi
1026 1108 1133 1172 essent
1146 1103 1268 1185 laqueis
1282 1099 1378 1164 resti·
1454 1153 1460 1162 .

153 1221 277 1304 busque
302 1222 375 1307 igno
404 1223 577 1290 combustis
605 1225 766 1310 effugisse3
795 1225 929 1308 denique
957 1223 1091 1288 eundem
1118 1221 1194 1306 fuga
1221 1218 1379 1303 impedita

154 1360 223 1404 esse
248 1338 467 1424 interfectum,
495 1342 655 1410 interfecti
680 1344 715 1408 in
736 1365 869 1427 corpore
890 1344 1055 1408 inventum
1077 1361 1131 1405 eor
1154 1339 1311 1404 villosum.
1333 1374 1378 1384 -

153 1458 205 1522 Ex
222 1458 276 1523 bis
298 1457 432 1542 aliisque
453 1482 535 1543 quae
556 1463 696 1529 eiusdem
718 1468 794 1527 sunt
814 1462 939 1546 generis
961 1451 1117 1542 sequitur,
1145 1463 1182 1523 01
1210 1478 1270 1542 pro
1292 1477 1377 1522 oom-

155 1581 248 1662 perto
269 1575 387 1643 habere
408 1568 583 1664 possimus,
606 1581 837 1665 antiquissimis
859 1583 924 1645 iam
946 1578 1144 1662 temporibus
1166 1577 1261 1642 rebus
1283 1575 1377 1640 bellis

153 1695 337 1778 illis·gestis
359 1697 461 1762 multa
482 1720 550 1764 esse
571 1701 726 1780 immixta,
750 1721 831 1782 quae
852 1698 1000 1763 fabulosa
1021 1698 1095 1762 sint.
1140 1696 1227 1773 Quae
1248 1693 1378 1777 quidem

154 1813 281 1878 fabulae
308 1815 470 1898 profectae
499 1824 575 1882 sunt
600 1840 621 1883 a
650 1818 859 1902 scriptoribus
887 1823 919 1882 et
945 1817 1049 1900 poetis
1078 1837 1214 1899 quorum
1248 1835 1288 1878 ex
1318 1833 1377 1880 suo

156 1931 290 2016 quisque
317 1914 451 2000 arbitrio
482 1937 638 2020 quasdam
654 1937 923 2002 narratiunculas
950 1941 1007 2001 aut
1034 1936 1158 2002 addidit
1180 1939 1236 2000 aut
1258 1933 1376 1998 omisit.

156 2049 225 2128 Quo
247 2052 282 2116 in
303 2075 434 2121 numero
456 2062 505 2122 est
520 2057 694 2142 Aeschylus
716 2057 845 2144 quidam
858 2056 1095 2122 Alexandrinus
1112 2057 1167 2138 qui
1181 2053 1379 2120 Messeniaoa

156 2171 293 2256 scripsit.
323 2173 461 2240 Maxime
476 2181 583 2242 001001
599 2178 783 2243 claruerunt
795 2175 912 2259 Myron
930 2181 962 2240 et
976 2175 1131 2240 Rhianus.
1160 2173 1254 2238 Illum
1269 2171 1324 2254 qui
1339 2171 1378 2236 de
1490 2179 1491 2186 ’

154 2291 258 2372 primo
283 2291 375 2357 *bello
410 2293 605 2360 Messeniaoo
639 2317 739 2378 usque
777 2293 819 2356 ad
853 2294 1046 2358 Aristodemi
1077 2297 1212 2358 mortem
1247 2291 1378 2374 scripsit

63 2405 68 2414 ’
152 2409 330 2474 Pausanias
350 2409 470 2476 iudicat
491 2431 567 2474 vera
589 2416 621 2476 et
641 2411 725 2476 falsa
745 2415 782 2474 ut
802 2411 917 2476 liberet
938 2411 1121 2498 arripuisse.
1156 2411 1248 2476 Unde
1270 2410 1317 2493 fit,
1339 2415 1377 2474 ut

154 2527 386 2594 Aristomenem
414 2530 491 2595 belli
517 2531 583 2594 iam
609 2531 706 2614 primi
733 2535 877 2614 temporo
911 2531 1022 2596 ducem
1057 2530 1156 2596 fuisse
1188 2529 1375 2596 arbitretur.

153 2647 259 2730 Atque
279 2648 365 2713 hunc
379 2649 539 2714 Diodorus
562 2651 652 2733 sequi
673 2652 798 2717 videtur
816 2650 964 2716 Cleonem
984 2651 1038 2733 qni
1059 2651 1143 2716 bello
1159 2651 1263 2734 primo
1278 2649 1376 2713 inter-

152 2765 259 2832 fuerat
280 2767 491 2832 Aristomenis
521 2769 768 2834 commilitonem
801 2769 900 2834 fuisse
930 2769 1127 2834 existimans.
1174 2769 1221 2834 cf.
1243 2769 1375 2834 Diodor.

153 2885 266 2970 fragm.
291 2893 340 2952 10.
361 2907 436 2971 pag.
461 2893 522 2954 637
545 2888 593 2953 ed.
616 2887 803 2971 Wesseling.
848 2889 1007 2966 Quaeres
1036 2889 1121 2953 inter
1148 2909 1181 2952 se
1210 2892 1375 2955 consenta-

154 3026 231 3070 neas
255 3026 323 3070 esse
350 3011 387 3069 ut
409 3006 559 3072 docerent
580 3006 806 3090 Wesselingius
828 3011 860 3071 et
882 3006 1032 3072 Boivinus
1062 3007 1165 3072 oleum
1192 3012 1224 3071 et
1246 3028 1376 3090 operam

153 3124 371 3208 perdiderunt.
414 3125 558 3190 Rhianus
581 3132 688 3191 autem
712 3125 850 3207 Bennae,
871 3125 906 3189 in
932 3125 1050 3208 oppido
1073 3126 1213 3207 quodam
1242 3125 1375 3207 Cretica,
1425 3197 1432 3215 ι

154 3248 266 3322 natus,
295 3248 400 3308 aetate
429 3243 609 3310 Ptolemaei
630 3246 808 3328 Euergetas
836 3244 962 3310 circiter
992 3243 1041 3308 Ol.
1071 3249 1131 3312 138
1161 3265 1375 3327 quaecumque

154 3361 214 3426 hoc
242 3361 280 3425 de
307 3359 391 3426 bello
420 3364 612 3448 pervulgata
640 3369 734 3428 erant
762 3364 902 3428 carmine
930 3384 987 3426 suo
1016 3363 1101 3449 quod
1128 3363 1314 3428 inscribitur
1335 3359 1376 3428 τὰ

154 3473 370 3568 Μεσσηνιακά
400 3482 583 3566 complexus
610 3487 669 3547 est.
712 3483 764 3548 Ex
784 3503 846 3564 quo
869 3482 1008 3548 carmine
1030 3483 1240 3564 Pausaniam,
1265 3501 1374 3564 quam·

31 3681 35 3686 ¹
154 3621 251 3683 quam
272 3618 392 3684 paucas
414 3601 570 3683 quasdam
593 3622 643 3666 res
666 3623 705 3666 ex
718 3602 848 3686 Tyrtaei
869 3600 1013 3666 versibus
1029 3601 1201 3668 refutasset
1214 3600 1252 3685 ¹),
1267 3605 1374 3665 tamen

154 3721 315 3803 permulta
344 3721 556 3805 depromsisse
579 3719 761 3785 Siebelisius
789 3720 981 3805 ostenditl)
1004 3757 1046 3769 —
1070 3720 1156 3799 Quas
1170 3741 1234 3785 res
1258 3721 1374 3786 Messe

242 3958 267 4022 1)
285 3957 337 4010 Gfr.
355 3957 434 4013 Paus.
452 3959 536 4026 4,,15,
555 3960 579 4012 4.

241 4046 267 4110 2)
286 4042 417 4096 Siebelisii
434 4042 502 4111 disp.
521 4041 553 4097 de
565 4043 678 4098 Rhiano.
706 4043 835 4098 Budissae
855 4047 929 4100 1829.
947 4061 1008 4114 pag.
1020 4047 1050 4098 15
1060 4059 1118 4113 sqq.
1141 4042 1310 4098 0101000110.
1330 4059 1374 4097 an-

156 4125 256 4197 tholog.
274 4127 327 4184 ind·
348 4133 418 4184 auct.
450 4127 525 4184 Mull.
544 4131 577 4188 dc
593 4129 658 4184 Dor.
675 4145 735 4199 pag.
757 4133 815 4184 144.
